

<record>
  <leader>     nz  a22     n  4500</leader>
  <datafield tag="900" ind1=" " ind2=" ">
    <subfield code="a">K-NÁVRH</subfield>
  </datafield>
  <controlfield tag="001">mub20201090337</controlfield>
  <controlfield tag="003">CZ PrNK</controlfield>
  <controlfield tag="005">20201031085739.0</controlfield>
  <controlfield tag="008">201025|n|aznnnaabn           n a|a      </controlfield>
  <datafield tag="040" ind1=" " ind2=" ">
    <subfield code="a">BOD114</subfield>
    <subfield code="b">cze</subfield>
    <subfield code="e">rda</subfield>
  </datafield>
  <datafield tag="110" ind1="2" ind2=" ">
    <subfield code="a">Masarykova univerzita.</subfield>
    <subfield code="b">Akademie staré hudby</subfield>
    <subfield code="7">mub20201090337</subfield>
  </datafield>
  <datafield tag="368" ind1=" " ind2=" ">
    <subfield code="a">ústavy vysokých škol</subfield>
  </datafield>
  <datafield tag="370" ind1=" " ind2=" ">
    <subfield code="c">Česko</subfield>
    <subfield code="e">Brno, Česko</subfield>
    <subfield code="f">Československo</subfield>
  </datafield>
  <datafield tag="372" ind1=" " ind2=" ">
    <subfield code="a">dějiny hudebních nástrojů</subfield>
    <subfield code="a">dějiny hudby</subfield>
    <subfield code="a">hudební historiografie</subfield>
    <subfield code="a">hudební díla</subfield>
    <subfield code="a">vysokoškolské studium</subfield>
  </datafield>
  <datafield tag="377" ind1=" " ind2=" ">
    <subfield code="a">cze</subfield>
  </datafield>
  <datafield tag="410" ind1="2" ind2=" ">
    <subfield code="a">Masarykova univerzita.</subfield>
    <subfield code="b">Filozofická fakulta.</subfield>
    <subfield code="b">Akademie staré hudby</subfield>
    <subfield code="0">o</subfield>
  </datafield>
  <datafield tag="670" ind1=" " ind2=" ">
    <subfield code="a">Mavrogenidou, Sofia: Praembulum včera a dnes, 2007</subfield>
    <subfield code="b">autoritní forma, odkaz viz</subfield>
  </datafield>
  <datafield tag="670" ind1=" " ind2=" ">
    <subfield code="a">www(Wikipedie, otevřená encyklopedie), cit. 25. 10. 2020</subfield>
    <subfield code="b">informační údaje</subfield>
    <subfield code="u">https://cs.wikipedia.org/wiki/Filozofick%C3%A1_fakulta_Masarykovy_univerzity</subfield>
  </datafield>
  <datafield tag="670" ind1=" " ind2=" ">
    <subfield code="a">www(MUNI ARTS, Masarykova univerzita. Filozofická fakulta), cit. 25. 10. 2020</subfield>
    <subfield code="b">autoritní forma</subfield>
  </datafield>
  <datafield tag="670" ind1=" " ind2=" ">
    <subfield code="a">Informace o studiu na filozofické fakultě univerzity.</subfield>
  </datafield>
  <datafield tag="906" ind1=" " ind2=" ">
    <subfield code="a">ko20201025</subfield>
    <subfield code="b">pospel</subfield>
  </datafield>
</record>