

<record>
  <leader>     nz  a22     n  4500</leader>
  <datafield tag="900" ind1=" " ind2=" ">
    <subfield code="a">K-NÁVRH</subfield>
  </datafield>
  <controlfield tag="001">mub20201090340</controlfield>
  <controlfield tag="003">CZ PrNK</controlfield>
  <controlfield tag="005">20201031085617.0</controlfield>
  <controlfield tag="008">201025|n|aznnnaabn           n a|a      </controlfield>
  <datafield tag="040" ind1=" " ind2=" ">
    <subfield code="a">BOD114</subfield>
    <subfield code="b">cze</subfield>
    <subfield code="e">rda</subfield>
  </datafield>
  <datafield tag="110" ind1="2" ind2=" ">
    <subfield code="a">Masarykova univerzita.</subfield>
    <subfield code="b">Ústav pro českou literaturu a literární vědu</subfield>
    <subfield code="7">mub20201090340</subfield>
  </datafield>
  <datafield tag="368" ind1=" " ind2=" ">
    <subfield code="a">ústavy vysokých škol</subfield>
  </datafield>
  <datafield tag="370" ind1=" " ind2=" ">
    <subfield code="c">Česko</subfield>
    <subfield code="e">Brno, Česko</subfield>
    <subfield code="f">Československo</subfield>
  </datafield>
  <datafield tag="372" ind1=" " ind2=" ">
    <subfield code="a">česká literatura</subfield>
    <subfield code="a">dějiny české literatury</subfield>
    <subfield code="a">literární věda</subfield>
    <subfield code="a">literární teorie</subfield>
    <subfield code="a">vysokoškolské studium</subfield>
  </datafield>
  <datafield tag="377" ind1=" " ind2=" ">
    <subfield code="a">cze</subfield>
  </datafield>
  <datafield tag="410" ind1="2" ind2=" ">
    <subfield code="a">Masarykova univerzita.</subfield>
    <subfield code="b">Filozofická fakulta.</subfield>
    <subfield code="b">Ústav pro českou literaturu a literární vědu</subfield>
    <subfield code="0">o</subfield>
  </datafield>
  <datafield tag="670" ind1=" " ind2=" ">
    <subfield code="a">Pospěchová, Ilona: Posvátné legendy ve sbírce Františka Sušila Moravské národní písně, 1997</subfield>
    <subfield code="b">autoritní forma, odkaz viz</subfield>
  </datafield>
  <datafield tag="670" ind1=" " ind2=" ">
    <subfield code="a">www(Wikipedie, otevřená encyklopedie), cit. 25. 10. 2020</subfield>
    <subfield code="b">informační údaje</subfield>
    <subfield code="u">https://cs.wikipedia.org/wiki/Filozofick%C3%A1_fakulta_Masarykovy_univerzity</subfield>
  </datafield>
  <datafield tag="670" ind1=" " ind2=" ">
    <subfield code="a">www(MUNI ARTS, Masarykova univerzita. Filozofická fakulta), cit. 25. 10. 2020</subfield>
    <subfield code="b">autoritní forma</subfield>
  </datafield>
  <datafield tag="670" ind1=" " ind2=" ">
    <subfield code="a">Informace o studiu na filozofické fakultě univerzity.</subfield>
  </datafield>
  <datafield tag="906" ind1=" " ind2=" ">
    <subfield code="a">ko20201025</subfield>
    <subfield code="b">pospel</subfield>
  </datafield>
</record>