

<record>
  <leader>     nz  a22     n  4500</leader>
  <controlfield tag="001">xx0253218</controlfield>
  <controlfield tag="003">CZ PrNK</controlfield>
  <controlfield tag="005">20201026104749.0</controlfield>
  <controlfield tag="008">201023|n|aznnnaabn           n a|a      </controlfield>
  <datafield tag="040" ind1=" " ind2=" ">
    <subfield code="a">ABA008</subfield>
    <subfield code="b">cze</subfield>
    <subfield code="d">ABA001</subfield>
    <subfield code="e">rda</subfield>
  </datafield>
  <datafield tag="100" ind1="1" ind2=" ">
    <subfield code="a">Mladonická Pavlasová, Gabriela</subfield>
    <subfield code="7">xx0253218</subfield>
  </datafield>
  <datafield tag="368" ind1=" " ind2=" ">
    <subfield code="d">Mgr.</subfield>
    <subfield code="d">Ph.D.</subfield>
  </datafield>
  <datafield tag="370" ind1=" " ind2=" ">
    <subfield code="c">Česko</subfield>
  </datafield>
  <datafield tag="372" ind1=" " ind2=" ">
    <subfield code="a">molekulární biologie</subfield>
    <subfield code="a">genetika</subfield>
    <subfield code="a">biologický výzkum</subfield>
  </datafield>
  <datafield tag="374" ind1=" " ind2=" ">
    <subfield code="a">bioložky</subfield>
  </datafield>
  <datafield tag="375" ind1=" " ind2=" ">
    <subfield code="a">žena</subfield>
  </datafield>
  <datafield tag="377" ind1=" " ind2=" ">
    <subfield code="a">eng</subfield>
    <subfield code="a">cze</subfield>
  </datafield>
  <datafield tag="400" ind1="1" ind2=" ">
    <subfield code="a">Pavlasová, Gabriela</subfield>
    <subfield code="0">o</subfield>
  </datafield>
  <datafield tag="670" ind1=" " ind2=" ">
    <subfield code="a">Neradil J., Pavlasova G., Veselská R.: New mechanisms for an old drug; DHFR- and non-DHFR-mediated Effects of methotrexate in cncer cells. Klinická onkologie, 2012, roč. 25, č. Supplementum 2, s. 87-92.</subfield>
    <subfield code="b">odkaz viz</subfield>
  </datafield>
  <datafield tag="670" ind1=" " ind2=" ">
    <subfield code="a">Mladonická Pavlasová, Gabriela ; Mráz, Marek. The regulation and function of CD20: an "enigma" of B-cell biology and targeted therapy. Haematologica, 2020, roč. 105, č. 6, s. 1494-1506.</subfield>
    <subfield code="b">autoritní forma jména</subfield>
  </datafield>
  <datafield tag="670" ind1=" " ind2=" ">
    <subfield code="a">www(Mikroprostředí imunitních buněk - Marek Mráz - CEITEC - výzkumné centrum), cit. 23. 10. 2020</subfield>
    <subfield code="b">pracoviště, profese</subfield>
  </datafield>
  <datafield tag="678" ind1="0" ind2=" ">
    <subfield code="a">Mgr., Ph.D., odborná pracovnice ve výzkumu v oboru molekulární biologie a genetika (Středoevropský technologický institut CEITEC, Masarykova univerzita, Brno).</subfield>
  </datafield>
  <datafield tag="906" ind1=" " ind2=" ">
    <subfield code="a">za20201023</subfield>
    <subfield code="b">xleka</subfield>
  </datafield>
  <datafield tag="906" ind1=" " ind2=" ">
    <subfield code="a">fr20201026</subfield>
    <subfield code="b">lisi</subfield>
  </datafield>
</record>