

<record>
  <leader>     cz  a22     n  4500</leader>
  <controlfield tag="001">xx0253225</controlfield>
  <controlfield tag="003">CZ PrNK</controlfield>
  <controlfield tag="005">20201026130723.0</controlfield>
  <controlfield tag="008">201023|n|aznnnaabn           n a|a      </controlfield>
  <datafield tag="040" ind1=" " ind2=" ">
    <subfield code="a">OLD012</subfield>
    <subfield code="b">cze</subfield>
    <subfield code="d">ABA001</subfield>
    <subfield code="e">rda</subfield>
  </datafield>
  <datafield tag="046" ind1=" " ind2=" ">
    <subfield code="f">1959</subfield>
  </datafield>
  <datafield tag="100" ind1="1" ind2=" ">
    <subfield code="a">Forrest, Jeffrey Yi-Lin,</subfield>
    <subfield code="d">1959-</subfield>
    <subfield code="7">xx0253225</subfield>
  </datafield>
  <datafield tag="370" ind1=" " ind2=" ">
    <subfield code="a">Fu-čou, Čína</subfield>
    <subfield code="c">Čína</subfield>
    <subfield code="c">Spojené státy americké</subfield>
    <subfield code="f">Pensylvánie</subfield>
  </datafield>
  <datafield tag="372" ind1=" " ind2=" ">
    <subfield code="a">systémové vědy</subfield>
    <subfield code="a">teorie systémů</subfield>
    <subfield code="a">matematika</subfield>
    <subfield code="a">ekonomie</subfield>
    <subfield code="a">finance</subfield>
  </datafield>
  <datafield tag="374" ind1=" " ind2=" ">
    <subfield code="a">matematici</subfield>
    <subfield code="a">vysokoškolští učitelé</subfield>
  </datafield>
  <datafield tag="375" ind1=" " ind2=" ">
    <subfield code="a">muž</subfield>
  </datafield>
  <datafield tag="377" ind1=" " ind2=" ">
    <subfield code="a">chi</subfield>
    <subfield code="a">eng</subfield>
  </datafield>
  <datafield tag="400" ind1="1" ind2=" ">
    <subfield code="a">Lin, Yi,</subfield>
    <subfield code="d">1959-</subfield>
    <subfield code="0">o</subfield>
  </datafield>
  <datafield tag="400" ind1="1" ind2=" ">
    <subfield code="a">Lin, I,</subfield>
    <subfield code="d">1959-</subfield>
    <subfield code="0">o</subfield>
  </datafield>
  <datafield tag="400" ind1="1" ind2=" ">
    <subfield code="a">Forrest, Jeffrey,</subfield>
    <subfield code="d">1959-</subfield>
    <subfield code="0">o</subfield>
  </datafield>
  <datafield tag="670" ind1=" " ind2=" ">
    <subfield code="a">Forrest, Jeffrey Yi-Lin ... et al.: Managerial decision making: a holistic approach, 2020</subfield>
  </datafield>
  <datafield tag="670" ind1=" " ind2=" ">
    <subfield code="a">LC (Names), cit. 22. 10.2020</subfield>
    <subfield code="b">autoritní forma, datum narození, odkazy viz, biografické údaje</subfield>
  </datafield>
  <datafield tag="670" ind1=" " ind2=" ">
    <subfield code="a">www(Wikipedia, the free encyclopedia), cit. 22. 10. 2020</subfield>
    <subfield code="b">odkaz viz, biografické údaje</subfield>
    <subfield code="u">https://en.wikipedia.org/wiki/Jeffrey_Yi-Lin_Forrest</subfield>
  </datafield>
  <datafield tag="678" ind1="0" ind2=" ">
    <subfield code="a">Čínský matematik, vysokoškolský pedagog matematiky, systémových věd, ekonomie a financí.</subfield>
  </datafield>
  <datafield tag="906" ind1=" " ind2=" ">
    <subfield code="a">za20201023</subfield>
    <subfield code="b">xletr</subfield>
  </datafield>
  <datafield tag="906" ind1=" " ind2=" ">
    <subfield code="a">op20201026</subfield>
    <subfield code="b">beba</subfield>
    <subfield code="c">370f nově; 372a další výskyt; 678 doplnění</subfield>
  </datafield>
</record>