

<record>
  <leader>     cz  a22     n  4500</leader>
  <controlfield tag="001">xx0253229</controlfield>
  <controlfield tag="003">CZ PrNK</controlfield>
  <controlfield tag="005">20201026153151.0</controlfield>
  <controlfield tag="008">201023|n|aznnnaabn           n a|a      </controlfield>
  <datafield tag="024" ind1="7" ind2=" ">
    <subfield code="a">0000-0003-1130-0116</subfield>
    <subfield code="2">orcid</subfield>
  </datafield>
  <datafield tag="040" ind1=" " ind2=" ">
    <subfield code="a">OLD012</subfield>
    <subfield code="b">cze</subfield>
    <subfield code="d">ABA001</subfield>
    <subfield code="e">rda</subfield>
  </datafield>
  <datafield tag="046" ind1=" " ind2=" ">
    <subfield code="f">1973</subfield>
  </datafield>
  <datafield tag="100" ind1="1" ind2=" ">
    <subfield code="a">Roesner, Martina,</subfield>
    <subfield code="d">1973-</subfield>
    <subfield code="7">xx0253229</subfield>
  </datafield>
  <datafield tag="370" ind1=" " ind2=" ">
    <subfield code="a">Freiburg im Breisgau, Německo</subfield>
    <subfield code="c">Německo</subfield>
    <subfield code="c">Francie</subfield>
    <subfield code="c">Rakousko</subfield>
  </datafield>
  <datafield tag="372" ind1=" " ind2=" ">
    <subfield code="a">fenomenologie</subfield>
    <subfield code="a">dějiny filozofie</subfield>
    <subfield code="a">středověká filozofie</subfield>
    <subfield code="a">novověká filozofie</subfield>
    <subfield code="a">náboženská filozofie</subfield>
    <subfield code="a">filozofická antropologie</subfield>
    <subfield code="a">filozofie života</subfield>
    <subfield code="a">katolická teologie</subfield>
  </datafield>
  <datafield tag="374" ind1=" " ind2=" ">
    <subfield code="a">filozofky</subfield>
    <subfield code="a">teoložky</subfield>
    <subfield code="a">vysokoškolské učitelky</subfield>
  </datafield>
  <datafield tag="375" ind1=" " ind2=" ">
    <subfield code="a">žena</subfield>
  </datafield>
  <datafield tag="377" ind1=" " ind2=" ">
    <subfield code="a">ger</subfield>
    <subfield code="a">fre</subfield>
  </datafield>
  <datafield tag="670" ind1=" " ind2=" ">
    <subfield code="a">Henrich, Dieter: Pensée et être-soi: leçons sur la subjectivité (traduit par Martina Roesner), 2008</subfield>
  </datafield>
  <datafield tag="670" ind1=" " ind2=" ">
    <subfield code="a">DNB, cit. 22. 10. 2020</subfield>
    <subfield code="b">autoritní forma, datum narození, biografické údaje</subfield>
  </datafield>
  <datafield tag="670" ind1=" " ind2=" ">
    <subfield code="a">www(Universität Wien - Katholisch-Theologische Fakultät - Institut für Historische Theologie - Kirchengeschichte), cit. 22. 10. 2020</subfield>
    <subfield code="b">biografické údaje</subfield>
  </datafield>
  <datafield tag="678" ind1="0" ind2=" ">
    <subfield code="a">Německá filozofka, katolická teoložka a vysokoškolská pedagožka, zaměřená na fenomenologii, dějiny středověké a novověké filozofie, filozofickou antropologii, filozofii života a náboženství.</subfield>
  </datafield>
  <datafield tag="906" ind1=" " ind2=" ">
    <subfield code="a">za20201023</subfield>
    <subfield code="b">xletr</subfield>
  </datafield>
  <datafield tag="906" ind1=" " ind2=" ">
    <subfield code="a">op20201026</subfield>
    <subfield code="b">beba</subfield>
    <subfield code="c">024 nově; 372a další výskyt; 678 doplnění</subfield>
  </datafield>
</record>