

<record>
  <leader>     cz  a22     n  4500</leader>
  <controlfield tag="001">ko20201090360</controlfield>
  <controlfield tag="003">CZ PrNK</controlfield>
  <controlfield tag="005">20201026091500.0</controlfield>
  <controlfield tag="008">201026|n|aznnnaabn           n a|a      </controlfield>
  <datafield tag="040" ind1=" " ind2=" ">
    <subfield code="a">ABA001</subfield>
    <subfield code="b">cze</subfield>
    <subfield code="d">ABA001</subfield>
    <subfield code="e">rda</subfield>
  </datafield>
  <datafield tag="111" ind1="2" ind2=" ">
    <subfield code="a">Sjezd osvětových, školských a tělovýchovných pracovníků</subfield>
    <subfield code="n">(2. :</subfield>
    <subfield code="d">1946 :</subfield>
    <subfield code="c">Luhačovice, Česko)</subfield>
    <subfield code="7">ko20201090360</subfield>
  </datafield>
  <datafield tag="MOR" ind1="1" ind2=" ">
    <subfield code="a">Sjezd osvětových, školských a tělovýchovných pracovníků</subfield>
    <subfield code="n">(II. :</subfield>
    <subfield code="d">1946 :</subfield>
    <subfield code="c">Luhačovice, Česko)</subfield>
    <subfield code="7">ko20201090360</subfield>
  </datafield>
  <datafield tag="368" ind1=" " ind2=" ">
    <subfield code="a">kongresy</subfield>
    <subfield code="a">pracovní setkání</subfield>
  </datafield>
  <datafield tag="370" ind1=" " ind2=" ">
    <subfield code="c">Česko</subfield>
    <subfield code="e">Luhačovice, Česko</subfield>
  </datafield>
  <datafield tag="372" ind1=" " ind2=" ">
    <subfield code="a">osvěta</subfield>
    <subfield code="a">školství</subfield>
    <subfield code="a">tělovýchova</subfield>
  </datafield>
  <datafield tag="377" ind1=" " ind2=" ">
    <subfield code="a">cze</subfield>
  </datafield>
  <datafield tag="670" ind1=" " ind2=" ">
    <subfield code="a">Stránský, Jaroslav: O základy národní kultury : předneseno na II. sjezdu osvětových, školských a tělovýchovných pracovníků v Luhačovicích v srpnu 1946</subfield>
  </datafield>
  <datafield tag="906" ind1=" " ind2=" ">
    <subfield code="a">za20201026</subfield>
    <subfield code="b">juri</subfield>
  </datafield>
  <datafield tag="906" ind1=" " ind2=" ">
    <subfield code="a">oz20201026</subfield>
    <subfield code="b">svsv</subfield>
    <subfield code="c">Záhlaví - oprava; Další info - nově; Související místo - nově; Oblast působení - nově; Jazyk - nově</subfield>
  </datafield>
</record>