

<record>
  <leader>     nz  a22     n  4500</leader>
  <controlfield tag="001">ko20201090369</controlfield>
  <controlfield tag="003">CZ PrNK</controlfield>
  <controlfield tag="005">20201026090927.0</controlfield>
  <controlfield tag="008">201026|n|aznnnaabn           n a|a      </controlfield>
  <datafield tag="040" ind1=" " ind2=" ">
    <subfield code="a">ABA001</subfield>
    <subfield code="b">cze</subfield>
    <subfield code="e">rda</subfield>
  </datafield>
  <datafield tag="110" ind1="2" ind2=" ">
    <subfield code="a">Centre d’analyse stratégique (Francie)</subfield>
    <subfield code="7">ko20201090369</subfield>
  </datafield>
  <datafield tag="368" ind1=" " ind2=" ">
    <subfield code="a">vládní instituce a organizace</subfield>
  </datafield>
  <datafield tag="370" ind1=" " ind2=" ">
    <subfield code="c">Francie</subfield>
    <subfield code="e">Paříž, Francie</subfield>
  </datafield>
  <datafield tag="372" ind1=" " ind2=" ">
    <subfield code="a">plánování</subfield>
    <subfield code="a">hospodářské plánování</subfield>
    <subfield code="a">sociální rozvoj</subfield>
    <subfield code="a">environmentální problémy</subfield>
    <subfield code="a">společnost a politika</subfield>
  </datafield>
  <datafield tag="377" ind1=" " ind2=" ">
    <subfield code="a">fre</subfield>
  </datafield>
  <datafield tag="410" ind1="1" ind2=" ">
    <subfield code="a">Francie.</subfield>
    <subfield code="b">Centre d’analyse stratégique</subfield>
    <subfield code="0">o</subfield>
  </datafield>
  <datafield tag="410" ind1="1" ind2=" ">
    <subfield code="a">Francie.</subfield>
    <subfield code="b">Centre d’analyse stratégique</subfield>
    <subfield code="0">o</subfield>
  </datafield>
  <datafield tag="410" ind1="2" ind2=" ">
    <subfield code="a">CAS</subfield>
    <subfield code="7">ko20201090369</subfield>
    <subfield code="0">o</subfield>
  </datafield>
  <datafield tag="510" ind1="1" ind2=" ">
    <subfield code="w">a</subfield>
    <subfield code="a">Francie.</subfield>
    <subfield code="b">Commissariat général du plan</subfield>
    <subfield code="7">xx0253175</subfield>
  </datafield>
  <datafield tag="510" ind1="2" ind2=" ">
    <subfield code="w">b</subfield>
    <subfield code="a">France Stratégie (organizace)</subfield>
    <subfield code="7">xx0253176</subfield>
  </datafield>
  <datafield tag="665" ind1=" " ind2=" ">
    <subfield code="a">Novější název korporace: France Stratégie (od roku 2013).</subfield>
  </datafield>
  <datafield tag="670" ind1=" " ind2=" ">
    <subfield code="a">LC (Names), cit. 26. 10. 2020</subfield>
    <subfield code="b">autoritní forma; odkaz viz; odkaz viz též</subfield>
  </datafield>
  <datafield tag="906" ind1=" " ind2=" ">
    <subfield code="a">br20201026</subfield>
    <subfield code="b">svsv</subfield>
  </datafield>
</record>