

<record>
  <leader>     nz  a22     n  4500</leader>
  <controlfield tag="001">xx0253240</controlfield>
  <controlfield tag="003">CZ PrNK</controlfield>
  <controlfield tag="005">20201027053049.0</controlfield>
  <controlfield tag="008">201026|n|aznnnaabn           n a|a      </controlfield>
  <datafield tag="040" ind1=" " ind2=" ">
    <subfield code="a">ABA008</subfield>
    <subfield code="b">cze</subfield>
    <subfield code="d">ABA001</subfield>
    <subfield code="e">rda</subfield>
  </datafield>
  <datafield tag="100" ind1="1" ind2=" ">
    <subfield code="a">Romančíková, Dominika</subfield>
    <subfield code="7">xx0253240</subfield>
  </datafield>
  <datafield tag="368" ind1=" " ind2=" ">
    <subfield code="d">PhDr.</subfield>
  </datafield>
  <datafield tag="368" ind1=" " ind2=" ">
    <subfield code="d">PhD.</subfield>
    <subfield code="s">2015</subfield>
  </datafield>
  <datafield tag="370" ind1=" " ind2=" ">
    <subfield code="c">Slovensko</subfield>
  </datafield>
  <datafield tag="372" ind1=" " ind2=" ">
    <subfield code="a">veřejné zdravotnictví</subfield>
    <subfield code="a">veřejné zdraví</subfield>
  </datafield>
  <datafield tag="374" ind1=" " ind2=" ">
    <subfield code="a">vysokoškolské učitelky</subfield>
  </datafield>
  <datafield tag="375" ind1=" " ind2=" ">
    <subfield code="a">žena</subfield>
  </datafield>
  <datafield tag="377" ind1=" " ind2=" ">
    <subfield code="a">slo</subfield>
  </datafield>
  <datafield tag="670" ind1=" " ind2=" ">
    <subfield code="a">Romančíková, Dominika ... [et al.]: Comparison of respiratory toxicity of TiO2 and Fe3O4 nanoparticles after intravenous instillation: an experimental study. Central European journal of public health, 2020, roč. 28, č. 3, s. 202-207.</subfield>
    <subfield code="b">autoritní forma, pracoviště</subfield>
  </datafield>
  <datafield tag="670" ind1=" " ind2=" ">
    <subfield code="a">www(LinkedIn), cit. 26. 10. 2020</subfield>
    <subfield code="b">profesní data</subfield>
  </datafield>
  <datafield tag="670" ind1=" " ind2=" ">
    <subfield code="a">www(Výročná správa 2019 - Slovenská zdravotnícka univerzita), cit. 26. 10. 2020</subfield>
    <subfield code="b">pracovní aktivity</subfield>
  </datafield>
  <datafield tag="675" ind1=" " ind2=" ">
    <subfield code="a">SNK, cit. 26. 10. 2020;</subfield>
    <subfield code="a">SKK SR, cit. 26. 10. 2020;</subfield>
    <subfield code="a">www(Slovenská lekárska knižnica), cit. 26 10. 2020</subfield>
  </datafield>
  <datafield tag="678" ind1="0" ind2=" ">
    <subfield code="a">PhDr., PhD., Vysokoškolská pedagožka a podnikatelka v oblasti veřejného zdraví (Fakulta verejného zdravotníctva, Slovenská zdravotnícka univerzita, Bratislava).</subfield>
  </datafield>
  <datafield tag="906" ind1=" " ind2=" ">
    <subfield code="a">za20201026</subfield>
    <subfield code="b">xlufr</subfield>
  </datafield>
  <datafield tag="906" ind1=" " ind2=" ">
    <subfield code="a">fr20201027</subfield>
    <subfield code="b">lisi</subfield>
  </datafield>
</record>