

<record>
  <leader>     nz  a22     n  4500</leader>
  <controlfield tag="001">ko20201090386</controlfield>
  <controlfield tag="003">CZ PrNK</controlfield>
  <controlfield tag="005">20201026104750.0</controlfield>
  <controlfield tag="008">201026|n|aznnnaabn           n a|a      </controlfield>
  <datafield tag="040" ind1=" " ind2=" ">
    <subfield code="a">ABA001</subfield>
    <subfield code="b">cze</subfield>
    <subfield code="d">ABA001</subfield>
    <subfield code="e">rda</subfield>
  </datafield>
  <datafield tag="110" ind1="2" ind2=" ">
    <subfield code="a">Evangélikus Országos Múzeum (Maďarsko)</subfield>
    <subfield code="7">ko20201090386</subfield>
  </datafield>
  <datafield tag="368" ind1=" " ind2=" ">
    <subfield code="a">muzea</subfield>
    <subfield code="a">církevní muzea</subfield>
  </datafield>
  <datafield tag="370" ind1=" " ind2=" ">
    <subfield code="c">Maďarsko</subfield>
    <subfield code="e">Budapešť, Maďarsko</subfield>
  </datafield>
  <datafield tag="372" ind1=" " ind2=" ">
    <subfield code="a">církevní dějiny</subfield>
    <subfield code="a">luterské učení</subfield>
    <subfield code="a">luterské církve</subfield>
    <subfield code="a">luterství</subfield>
    <subfield code="a">luteráni</subfield>
    <subfield code="a">církevní dokumenty</subfield>
    <subfield code="a">muzejní výstavy</subfield>
  </datafield>
  <datafield tag="377" ind1=" " ind2=" ">
    <subfield code="a">hun</subfield>
  </datafield>
  <datafield tag="410" ind1="2" ind2=" ">
    <subfield code="a">Lutheran National Museum (Maďarsko)</subfield>
    <subfield code="2">czeeng</subfield>
    <subfield code="0">o</subfield>
  </datafield>
  <datafield tag="410" ind1="2" ind2=" ">
    <subfield code="a">Lutheran Central Museum (Maďarsko)</subfield>
    <subfield code="2">czeeng</subfield>
    <subfield code="0">o</subfield>
  </datafield>
  <datafield tag="410" ind1="2" ind2=" ">
    <subfield code="a">Evangelisch-Lutherisches Zentralmuseum (Maďarsko)</subfield>
    <subfield code="2">czeger</subfield>
    <subfield code="0">o</subfield>
  </datafield>
  <datafield tag="410" ind1="2" ind2=" ">
    <subfield code="a">Evangelisches Landesmuseum (Maďarsko)</subfield>
    <subfield code="2">czeger</subfield>
    <subfield code="0">o</subfield>
  </datafield>
  <datafield tag="410" ind1="2" ind2=" ">
    <subfield code="a">Evanjélické cirkevné múzeum (Maďarsko)</subfield>
    <subfield code="2">czeslo</subfield>
    <subfield code="0">o</subfield>
  </datafield>
  <datafield tag="670" ind1=" " ind2=" ">
    <subfield code="a">Papp, Júlia: "Present of Ferencz Pulszky" : engraving, plaster cast, photograph - chapters from the history of artwork reproduction : Lutheran Central Museum, Budapest, 26 March - 26 August 2020 : exhibition guide</subfield>
    <subfield code="b">autoritní forma</subfield>
  </datafield>
  <datafield tag="670" ind1=" " ind2=" ">
    <subfield code="a">LC (Names), cit. 26.10.2020</subfield>
    <subfield code="b">autoritní forma; odkazy viz</subfield>
  </datafield>
  <datafield tag="670" ind1=" " ind2=" ">
    <subfield code="a">www(Evangélikus Országos Múzeum), cit. 26.10.2020</subfield>
    <subfield code="b">autoritní forma; odkazy viz: Lutheran Central Museum (Maďarsko); Evangelisch-Lutherisches Zentralmuseum (Maďarsko)</subfield>
    <subfield code="u">https://eom.lutheran.hu/</subfield>
  </datafield>
  <datafield tag="906" ind1=" " ind2=" ">
    <subfield code="a">za20201026</subfield>
    <subfield code="b">klou</subfield>
  </datafield>
  <datafield tag="906" ind1=" " ind2=" ">
    <subfield code="a">vr20201026</subfield>
    <subfield code="b">svsv</subfield>
  </datafield>
</record>