

<record>
  <leader>     cz  a22     n  4500</leader>
  <controlfield tag="001">xx0253253</controlfield>
  <controlfield tag="003">CZ PrNK</controlfield>
  <controlfield tag="005">20201027182244.0</controlfield>
  <controlfield tag="008">201026|n|aznnnaabn           n a|a      </controlfield>
  <datafield tag="024" ind1="7" ind2=" ">
    <subfield code="a">0000000080978180</subfield>
    <subfield code="2">isni</subfield>
  </datafield>
  <datafield tag="040" ind1=" " ind2=" ">
    <subfield code="a">OLD012</subfield>
    <subfield code="b">cze</subfield>
    <subfield code="d">ABA001</subfield>
    <subfield code="e">rda</subfield>
  </datafield>
  <datafield tag="046" ind1=" " ind2=" ">
    <subfield code="f">1951</subfield>
  </datafield>
  <datafield tag="100" ind1="1" ind2=" ">
    <subfield code="a">Peters, Robert L.,</subfield>
    <subfield code="d">1951-</subfield>
    <subfield code="7">xx0253253</subfield>
  </datafield>
  <datafield tag="368" ind1=" " ind2=" ">
    <subfield code="d">Ph.D., Stanford University (Biology)</subfield>
  </datafield>
  <datafield tag="370" ind1=" " ind2=" ">
    <subfield code="c">Spojené státy americké</subfield>
  </datafield>
  <datafield tag="372" ind1=" " ind2=" ">
    <subfield code="a">konzervační biologie</subfield>
    <subfield code="a">biodiverzita</subfield>
    <subfield code="a">globální oteplování</subfield>
    <subfield code="a">klimatické změny</subfield>
    <subfield code="a">programování</subfield>
  </datafield>
  <datafield tag="373" ind1=" " ind2=" ">
    <subfield code="a">American Institute of Biological Sciences</subfield>
  </datafield>
  <datafield tag="374" ind1=" " ind2=" ">
    <subfield code="a">biologové</subfield>
    <subfield code="a">programátoři</subfield>
    <subfield code="a">vysokoškolští učitelé</subfield>
  </datafield>
  <datafield tag="375" ind1=" " ind2=" ">
    <subfield code="a">muž</subfield>
  </datafield>
  <datafield tag="377" ind1=" " ind2=" ">
    <subfield code="a">eng</subfield>
  </datafield>
  <datafield tag="400" ind1="1" ind2=" ">
    <subfield code="a">Peters, Rob,</subfield>
    <subfield code="d">1951-</subfield>
    <subfield code="0">o</subfield>
  </datafield>
  <datafield tag="400" ind1="1" ind2=" ">
    <subfield code="a">Peters, Robert Louis,</subfield>
    <subfield code="d">1951-</subfield>
    <subfield code="0">o</subfield>
  </datafield>
  <datafield tag="670" ind1=" " ind2=" ">
    <subfield code="a">Peters, Robert L.: Getting what you came for: the smart student's guide to earning a master's or a Ph.D., 1997</subfield>
  </datafield>
  <datafield tag="670" ind1=" " ind2=" ">
    <subfield code="a">LC (Names), cit. 23. 10. 2020</subfield>
    <subfield code="b">autoritní forma, datum narození, biografické údaje</subfield>
  </datafield>
  <datafield tag="670" ind1=" " ind2=" ">
    <subfield code="a">www(Defenders of Wildlife), cit. 23. 10. 2020</subfield>
    <subfield code="b">odkaz viz, biografické údaje</subfield>
  </datafield>
  <datafield tag="670" ind1=" " ind2=" ">
    <subfield code="a">www(Google Scholar), cit. 23. 10. 2020</subfield>
    <subfield code="b">odkaz viz</subfield>
  </datafield>
  <datafield tag="670" ind1=" " ind2=" ">
    <subfield code="a">www(Global Warming and Biological Diversity. In: Yale University Press), cit. 27. 10. 2020</subfield>
    <subfield code="b">biografické údaje</subfield>
  </datafield>
  <datafield tag="678" ind1="0" ind2=" ">
    <subfield code="a">Americký konzervační biolog zaměřený na vliv globálního oteplování na biologickou rozmanitost, vysokoškolský pedagog, dříve webový programátor. Prezident American Institute of Biological Sciences.</subfield>
  </datafield>
  <datafield tag="906" ind1=" " ind2=" ">
    <subfield code="a">za20201026</subfield>
    <subfield code="b">xletr</subfield>
  </datafield>
  <datafield tag="906" ind1=" " ind2=" ">
    <subfield code="a">op20201027</subfield>
    <subfield code="b">beba</subfield>
    <subfield code="c">024, 368, 373 nově; 372a, 670 další výskyt; 678 doplnění</subfield>
  </datafield>
</record>