

<record>
  <leader>     nz  a22     n  4500</leader>
  <controlfield tag="001">ge1090406</controlfield>
  <controlfield tag="003">CZ PrNK</controlfield>
  <controlfield tag="005">20201026102210.0</controlfield>
  <controlfield tag="008">201026|n|acznnbabn           n a|a      </controlfield>
  <datafield tag="034" ind1=" " ind2=" ">
    <subfield code="d">W066.9825</subfield>
    <subfield code="e">W066.9825</subfield>
    <subfield code="f">N001.0266</subfield>
    <subfield code="g">N001.0266</subfield>
  </datafield>
  <datafield tag="040" ind1=" " ind2=" ">
    <subfield code="a">ABA001</subfield>
    <subfield code="b">cze</subfield>
  </datafield>
  <datafield tag="043" ind1=" " ind2=" ">
    <subfield code="a">s-bl---</subfield>
    <subfield code="a">s-ck---</subfield>
    <subfield code="a">s-ve---</subfield>
  </datafield>
  <datafield tag="080" ind1=" " ind2=" ">
    <subfield code="a">(81)</subfield>
    <subfield code="c">místní určení - Brazílie</subfield>
    <subfield code="2">MRF_2014</subfield>
  </datafield>
  <datafield tag="080" ind1=" " ind2=" ">
    <subfield code="a">(862)</subfield>
    <subfield code="c">místní určení - Kolumbie</subfield>
    <subfield code="2">MRF_2014</subfield>
  </datafield>
  <datafield tag="080" ind1=" " ind2=" ">
    <subfield code="a">(87)</subfield>
    <subfield code="c">místní určení - Venezuela</subfield>
    <subfield code="2">MRF_2014</subfield>
  </datafield>
  <datafield tag="151" ind1=" " ind2=" ">
    <subfield code="a">Rio Negro (řeka : oblast)</subfield>
    <subfield code="7">ge1090406</subfield>
  </datafield>
  <datafield tag="551" ind1=" " ind2=" ">
    <subfield code="a">Rio Negro (řeka)</subfield>
    <subfield code="7">ge138169</subfield>
  </datafield>
  <datafield tag="751" ind1="0" ind2="7">
    <subfield code="a">Rio Negro Valley</subfield>
    <subfield code="2">eczenas</subfield>
  </datafield>
  <datafield tag="GPS" ind1=" " ind2=" ">
    <subfield code="a">1°1'35.7"N</subfield>
    <subfield code="c">66°58'57.0"W</subfield>
  </datafield>
  <datafield tag="956" ind1="4" ind2=" ">
    <subfield code="u">http://aleph.nkp.cz/aleph-cgi/show_map?ll=1.02658,-66.98250&amp;z=12</subfield>
    <subfield code="y">Zobrazit na mapě</subfield>
    <subfield code="4">N</subfield>
  </datafield>
  <datafield tag="906" ind1=" " ind2=" ">
    <subfield code="a">wp20201026</subfield>
    <subfield code="b">napo</subfield>
  </datafield>
</record>