

<record>
  <leader>     nz  a22     n  4500</leader>
  <controlfield tag="001">aun20201090414</controlfield>
  <controlfield tag="003">CZ PrNK</controlfield>
  <controlfield tag="005">20201026104930.0</controlfield>
  <controlfield tag="008">201026|n|aznnnaabn           n a|a      </controlfield>
  <datafield tag="040" ind1=" " ind2=" ">
    <subfield code="a">ABA001</subfield>
    <subfield code="b">cze</subfield>
    <subfield code="e">rda</subfield>
  </datafield>
  <datafield tag="100" ind1="1" ind2=" ">
    <subfield code="a">Bjørnson, Bjørnstjerne,</subfield>
    <subfield code="d">1832-1910.</subfield>
    <subfield code="t">Flager i byen og på havnen.</subfield>
    <subfield code="l">Česky</subfield>
    <subfield code="7">aun20201090414</subfield>
  </datafield>
  <datafield tag="400" ind1="1" ind2=" ">
    <subfield code="a">Bjørnson, Bjørnstjerne,</subfield>
    <subfield code="d">1832-1910.</subfield>
    <subfield code="t">Vlajky nad městem i přístavem</subfield>
    <subfield code="0">o</subfield>
  </datafield>
  <datafield tag="667" ind1=" " ind2=" ">
    <subfield code="a">Úplný název: Det Flager i byen og på havnen.</subfield>
  </datafield>
  <datafield tag="670" ind1=" " ind2=" ">
    <subfield code="a">Vlajky nad městem i přístavem / napsal Björnstjerne Björnson. Praha : tiskem a nákladem Antonína Reise, [1909]</subfield>
  </datafield>
  <datafield tag="670" ind1=" " ind2=" ">
    <subfield code="a">www(Wikipedia, det frie oppslgsverket)</subfield>
  </datafield>
  <datafield tag="670" ind1=" " ind2=" ">
    <subfield code="a">Slovník severských spisovatelů: Libri</subfield>
  </datafield>
  <datafield tag="906" ind1=" " ind2=" ">
    <subfield code="a">br20201026</subfield>
    <subfield code="b">juri</subfield>
  </datafield>
  <datafield tag="906" ind1=" " ind2=" ">
    <subfield code="a">ks20201026</subfield>
    <subfield code="b">juri</subfield>
  </datafield>
</record>