

<record>
  <leader>     nz  a22     n  4500</leader>
  <controlfield tag="001">pna20201090434</controlfield>
  <controlfield tag="003">CZ PrNK</controlfield>
  <controlfield tag="005">20201030092349.0</controlfield>
  <controlfield tag="008">201026|n|aznnnaabn           n a|a      </controlfield>
  <datafield tag="040" ind1=" " ind2=" ">
    <subfield code="a">PNA001</subfield>
    <subfield code="b">cze</subfield>
    <subfield code="d">ABA001</subfield>
    <subfield code="e">rda</subfield>
  </datafield>
  <datafield tag="046" ind1=" " ind2=" ">
    <subfield code="f">1890</subfield>
    <subfield code="g">1963</subfield>
  </datafield>
  <datafield tag="100" ind1="1" ind2=" ">
    <subfield code="a">Stroud, Robert,</subfield>
    <subfield code="d">1890-1963</subfield>
    <subfield code="7">pna20201090434</subfield>
  </datafield>
  <datafield tag="370" ind1=" " ind2=" ">
    <subfield code="c">Spojené státy americké</subfield>
  </datafield>
  <datafield tag="372" ind1=" " ind2=" ">
    <subfield code="a">ornitologie</subfield>
  </datafield>
  <datafield tag="374" ind1=" " ind2=" ">
    <subfield code="a">zločinci</subfield>
    <subfield code="a">ornitologové</subfield>
  </datafield>
  <datafield tag="375" ind1=" " ind2=" ">
    <subfield code="a">muž</subfield>
  </datafield>
  <datafield tag="377" ind1=" " ind2=" ">
    <subfield code="a">eng</subfield>
  </datafield>
  <datafield tag="400" ind1="0" ind2=" ">
    <subfield code="a">Birdman of Alcatraz,</subfield>
    <subfield code="d">1890-1963</subfield>
    <subfield code="0">o</subfield>
  </datafield>
  <datafield tag="400" ind1="1" ind2=" ">
    <subfield code="a">Stroud, Robert Franklin,</subfield>
    <subfield code="d">1890-1963</subfield>
    <subfield code="0">o</subfield>
  </datafield>
  <datafield tag="670" ind1=" " ind2=" ">
    <subfield code="a">Babyak, Jolene: Bird man : the many faces of Robert Stroud, 1994</subfield>
  </datafield>
  <datafield tag="670" ind1=" " ind2=" ">
    <subfield code="a">LC (Names), cit. 26. 10. 2020</subfield>
    <subfield code="b">autoritní forma, odkaz viz, data</subfield>
  </datafield>
  <datafield tag="670" ind1=" " ind2=" ">
    <subfield code="a">www(Wikipedia, the free encyclopedia), cit. 26. 10. 2020</subfield>
    <subfield code="b">národnost, profesní údaje</subfield>
    <subfield code="u">https://en.wikipedia.org/wiki/Robert_Stroud</subfield>
  </datafield>
  <datafield tag="678" ind1="0" ind2=" ">
    <subfield code="a">Americký zločinec, usvědčený vrah, který se během 54 let vězení stal ornitologem samoukem.</subfield>
  </datafield>
  <datafield tag="906" ind1=" " ind2=" ">
    <subfield code="a">za20201026</subfield>
    <subfield code="b">kali</subfield>
  </datafield>
  <datafield tag="906" ind1=" " ind2=" ">
    <subfield code="a">vr20201030</subfield>
    <subfield code="b">lisi</subfield>
  </datafield>
</record>