

<record>
  <leader>     nz  a22     n  4500</leader>
  <controlfield tag="001">aun20201090448</controlfield>
  <controlfield tag="003">CZ PrNK</controlfield>
  <controlfield tag="005">20201026121258.0</controlfield>
  <controlfield tag="008">201026|n|aznnnaabn           n a|a      </controlfield>
  <datafield tag="040" ind1=" " ind2=" ">
    <subfield code="a">ABA001</subfield>
    <subfield code="b">cze</subfield>
    <subfield code="e">rda</subfield>
  </datafield>
  <datafield tag="100" ind1="1" ind2=" ">
    <subfield code="a">Fogazzaro, Antonio,</subfield>
    <subfield code="d">1842-1911.</subfield>
    <subfield code="t">Miranda.</subfield>
    <subfield code="l">Česky</subfield>
    <subfield code="7">aun20201090448</subfield>
  </datafield>
  <datafield tag="667" ind1=" " ind2=" ">
    <subfield code="a">Název originálu je totožný s názvem překladu.</subfield>
  </datafield>
  <datafield tag="670" ind1=" " ind2=" ">
    <subfield code="a">Miranda / Antonio Fogazzaro. V Praze : Cyrillo-Methodějská knihtiskárna a nakladatelství V. Kotrba, [1907]</subfield>
  </datafield>
  <datafield tag="670" ind1=" " ind2=" ">
    <subfield code="a">www(Wikipedia, l'enciclopedia libera)</subfield>
  </datafield>
  <datafield tag="670" ind1=" " ind2=" ">
    <subfield code="a">Slovník italských spisovatelů: Libri</subfield>
  </datafield>
  <datafield tag="906" ind1=" " ind2=" ">
    <subfield code="a">br20201026</subfield>
    <subfield code="b">juri</subfield>
  </datafield>
  <datafield tag="906" ind1=" " ind2=" ">
    <subfield code="a">ks20201026</subfield>
    <subfield code="b">juri</subfield>
  </datafield>
</record>