

<record>
  <leader>     cz  a22     n  4500</leader>
  <controlfield tag="001">xx0253267</controlfield>
  <controlfield tag="003">CZ PrNK</controlfield>
  <controlfield tag="005">20201026122846.0</controlfield>
  <controlfield tag="008">201026|n|aznnnaabn           n a|a      </controlfield>
  <datafield tag="040" ind1=" " ind2=" ">
    <subfield code="a">ABA008</subfield>
    <subfield code="b">cze</subfield>
    <subfield code="d">ABA001</subfield>
    <subfield code="e">rda</subfield>
  </datafield>
  <datafield tag="111" ind1="2" ind2=" ">
    <subfield code="a">Saratoga International Conference on Atherosclerosis</subfield>
    <subfield code="n">(2 :</subfield>
    <subfield code="d">1989 :</subfield>
    <subfield code="c">Towada, Japonsko)</subfield>
    <subfield code="7">xx0253267</subfield>
  </datafield>
  <datafield tag="MOR" ind1="1" ind2=" ">
    <subfield code="a">Saratoga International Conference on Atherosclerosis</subfield>
    <subfield code="n">(2 :</subfield>
    <subfield code="d">1989 :</subfield>
    <subfield code="c">Towada, Japonsko</subfield>
    <subfield code="7">xx0253267</subfield>
  </datafield>
  <datafield tag="368" ind1=" " ind2=" ">
    <subfield code="a">konference</subfield>
  </datafield>
  <datafield tag="370" ind1=" " ind2=" ">
    <subfield code="c">Japonsko</subfield>
    <subfield code="e">Towada, Japonsko</subfield>
  </datafield>
  <datafield tag="372" ind1=" " ind2=" ">
    <subfield code="a">angiologie</subfield>
    <subfield code="a">ateroskleróza</subfield>
  </datafield>
  <datafield tag="377" ind1=" " ind2=" ">
    <subfield code="a">eng</subfield>
  </datafield>
  <datafield tag="670" ind1=" " ind2=" ">
    <subfield code="a">Atherosclerosis 2, 1990</subfield>
  </datafield>
  <datafield tag="670" ind1=" " ind2=" ">
    <subfield code="a">LC (Names), cit. 26. 10. 2020</subfield>
    <subfield code="b">autoritní forma</subfield>
  </datafield>
  <datafield tag="906" ind1=" " ind2=" ">
    <subfield code="a">za20201026</subfield>
    <subfield code="b">xlufr</subfield>
  </datafield>
  <datafield tag="906" ind1=" " ind2=" ">
    <subfield code="a">oz20201026</subfield>
    <subfield code="b">svsv</subfield>
    <subfield code="c">Záhlaví - formální oprava</subfield>
  </datafield>
</record>