

<record>
  <leader>     nz  a22     n  4500</leader>
  <datafield tag="900" ind1=" " ind2=" ">
    <subfield code="a">K-NÁVRH</subfield>
  </datafield>
  <controlfield tag="001">ko20201090483</controlfield>
  <controlfield tag="003">CZ PrNK</controlfield>
  <controlfield tag="005">20201026135559.0</controlfield>
  <controlfield tag="008">201026|n|aznnnaabn           n a|a      </controlfield>
  <datafield tag="040" ind1=" " ind2=" ">
    <subfield code="a">ABA001</subfield>
    <subfield code="b">cze</subfield>
    <subfield code="e">rda</subfield>
  </datafield>
  <datafield tag="110" ind1="2" ind2=" ">
    <subfield code="a">Russkaja pravoslavnaja cerkov‘.</subfield>
    <subfield code="b">Grodnenskaja eparchija</subfield>
    <subfield code="7">ko20201090483</subfield>
  </datafield>
  <datafield tag="370" ind1=" " ind2=" ">
    <subfield code="c">Bělorusko</subfield>
  </datafield>
  <datafield tag="410" ind1="2" ind2=" ">
    <subfield code="a">Russkaja pravoslavnaja cerkov‘.</subfield>
    <subfield code="b">Grodnenskaja i Vaukavyskaja eparchija</subfield>
    <subfield code="0">o</subfield>
  </datafield>
  <datafield tag="410" ind1="2" ind2=" ">
    <subfield code="a">Russkaja pravoslavnaja cerkov‘.</subfield>
    <subfield code="b">Moskovskaja Patriarchija.</subfield>
    <subfield code="b">Grodnenskaja eparchija</subfield>
    <subfield code="0">o</subfield>
  </datafield>
  <datafield tag="670" ind1=" " ind2=" ">
    <subfield code="a">Zorina, Ljubov‘ Michajlovna. Sakral‘noje iskusstvo Grodnenščiny. Grodno: JurSaPrint, 2018. 226 stran. ISBN 978-985-7134-46-5.</subfield>
  </datafield>
  <datafield tag="670" ind1=" " ind2=" ">
    <subfield code="a">www(Vikipedija, svobodnaja ènciklopedija)</subfield>
  </datafield>
  <datafield tag="670" ind1=" " ind2=" ">
    <subfield code="a">www.church.by</subfield>
  </datafield>
  <datafield tag="678" ind1=" " ind2=" ">
    <subfield code="a">Církevně-správní jednotka běloruské pravoslavné církve (exarchát).</subfield>
  </datafield>
  <datafield tag="856" ind1="4" ind2="2">
    <subfield code="u">https://be.wikipedia.org/wiki/%D0%93%D1%80%D0%BE%D0%B4%D0%B7%D0%B5%D0%BD%D1%81%D0%BA%D0%B0%D1%8F_%D1%96_%D0%92%D0%B0%D1%9E%D0%BA%D0%B0%D0%B2%D1%8B%D1%81%D0%BA%D0%B0%D1%8F_%D0%B5%D0%BF%D0%B0%D1%80%D1%85%D1%96%D1%8F</subfield>
    <subfield code="4">N</subfield>
  </datafield>
  <datafield tag="856" ind1="4" ind2="2">
    <subfield code="u">http://www.church.by/by/belorusskiy-ekzarhat/grodnenskaja-eparhija</subfield>
    <subfield code="4">N</subfield>
  </datafield>
  <datafield tag="906" ind1=" " ind2=" ">
    <subfield code="a">za20201026</subfield>
    <subfield code="b">stkv</subfield>
  </datafield>
</record>