

<record>
  <leader>     nz  a22     n  4500</leader>
  <controlfield tag="001">ko20201090490</controlfield>
  <controlfield tag="003">CZ PrNK</controlfield>
  <controlfield tag="005">20201027124143.0</controlfield>
  <controlfield tag="008">201026|n|aznnnaabn           n a|a      </controlfield>
  <datafield tag="040" ind1=" " ind2=" ">
    <subfield code="a">ABA001</subfield>
    <subfield code="b">cze</subfield>
    <subfield code="d">ABA001</subfield>
    <subfield code="e">rda</subfield>
  </datafield>
  <datafield tag="110" ind1="2" ind2=" ">
    <subfield code="a">Univerzita Konštantína Filozofa.</subfield>
    <subfield code="b">Katedra ošetrovateľstva</subfield>
    <subfield code="7">ko20201090490</subfield>
  </datafield>
  <datafield tag="368" ind1=" " ind2=" ">
    <subfield code="a">katedry vysokých škol</subfield>
  </datafield>
  <datafield tag="370" ind1=" " ind2=" ">
    <subfield code="c">Slovensko</subfield>
    <subfield code="e">Nitra, Slovensko</subfield>
  </datafield>
  <datafield tag="372" ind1=" " ind2=" ">
    <subfield code="a">ošetřovatelství</subfield>
    <subfield code="a">ošetřovatelská péče</subfield>
    <subfield code="a">vysokoškolské studium</subfield>
  </datafield>
  <datafield tag="377" ind1=" " ind2=" ">
    <subfield code="a">slo</subfield>
  </datafield>
  <datafield tag="410" ind1="2" ind2=" ">
    <subfield code="a">Univerzita Konštantína Filozofa.</subfield>
    <subfield code="b">Fakulta sociálnych vied a zdravotníctva.</subfield>
    <subfield code="b">Katedra ošetrovateľstva</subfield>
    <subfield code="0">o</subfield>
  </datafield>
  <datafield tag="410" ind1="2" ind2=" ">
    <subfield code="a">UKF v Nitre.</subfield>
    <subfield code="b">FSVaZ.</subfield>
    <subfield code="b">Katedra ošetrovateľstva</subfield>
    <subfield code="0">o</subfield>
  </datafield>
  <datafield tag="410" ind1="2" ind2=" ">
    <subfield code="a">Fakulta sociálnych vied a zdravotníctva UKF v Nitre.</subfield>
    <subfield code="b">Katedra ošetrovateľstva</subfield>
    <subfield code="0">o</subfield>
  </datafield>
  <datafield tag="410" ind1="2" ind2=" ">
    <subfield code="a">Constantine the Philosopher University in Nitra.</subfield>
    <subfield code="b">Faculty of Social Sciences and Health Care.</subfield>
    <subfield code="b">Department of Nursing</subfield>
    <subfield code="2">czeeng</subfield>
    <subfield code="0">o</subfield>
  </datafield>
  <datafield tag="410" ind1="2" ind2=" ">
    <subfield code="a">Constantine the Philosopher University in Nitra.</subfield>
    <subfield code="b">Department of Nursing</subfield>
    <subfield code="2">czeeng</subfield>
    <subfield code="0">o</subfield>
  </datafield>
  <datafield tag="670" ind1=" " ind2=" ">
    <subfield code="a">Vörösová, Gabriela - Zrubcová, Dana: Manažment v ošetrovateľstve</subfield>
    <subfield code="b">odkaz viz</subfield>
  </datafield>
  <datafield tag="670" ind1=" " ind2=" ">
    <subfield code="a">www(Katedra ošetrovateľstva), cit. 26.10.2020</subfield>
    <subfield code="b">autoritní forma; odkazy viz</subfield>
    <subfield code="u">http://www.ko.fsvaz.ukf.sk/</subfield>
  </datafield>
  <datafield tag="670" ind1=" " ind2=" ">
    <subfield code="a">www(Fakulta sociálnych vied a zdravotníctva Univerzita Konštantína Filozofa v Nitre), cit. 26.10.2020</subfield>
    <subfield code="b">autoritní forma; odkazy viz</subfield>
  </datafield>
  <datafield tag="675" ind1=" " ind2=" ">
    <subfield code="a">LC (Names), cit. 26.10.2020</subfield>
  </datafield>
  <datafield tag="906" ind1=" " ind2=" ">
    <subfield code="a">za20201026</subfield>
    <subfield code="b">klou</subfield>
  </datafield>
  <datafield tag="906" ind1=" " ind2=" ">
    <subfield code="a">vr20201027</subfield>
    <subfield code="b">svsv</subfield>
  </datafield>
</record>