

<record>
  <leader>     nz  a22     n  4500</leader>
  <datafield tag="900" ind1=" " ind2=" ">
    <subfield code="a">K-NÁVRH</subfield>
  </datafield>
  <controlfield tag="001">ko20201090495</controlfield>
  <controlfield tag="003">CZ PrNK</controlfield>
  <controlfield tag="005">20201026144408.0</controlfield>
  <controlfield tag="008">201026|n|aznnnaabn           n a|a      </controlfield>
  <datafield tag="040" ind1=" " ind2=" ">
    <subfield code="a">ABA001</subfield>
    <subfield code="b">cze</subfield>
    <subfield code="e">rda</subfield>
  </datafield>
  <datafield tag="110" ind1="2" ind2=" ">
    <subfield code="a">Česká obec sokolská.</subfield>
    <subfield code="b">Župa Denisova.</subfield>
    <subfield code="b">Slet</subfield>
    <subfield code="d">(4. :</subfield>
    <subfield code="c">Skřivany, Česko)</subfield>
    <subfield code="7">ko20201090495</subfield>
  </datafield>
  <datafield tag="370" ind1=" " ind2=" ">
    <subfield code="c">Česko</subfield>
  </datafield>
  <datafield tag="411" ind1="2" ind2=" ">
    <subfield code="a">Župní slet sokolské župy Denisovy</subfield>
    <subfield code="d">(4. :</subfield>
    <subfield code="c">Skřivany, Česko)</subfield>
    <subfield code="0">o</subfield>
  </datafield>
  <datafield tag="670" ind1=" " ind2=" ">
    <subfield code="a">IV. župní slet sokolské župy Denisovy : ve Skřivanech, 19.VI.-2. a 3.VII.1927</subfield>
  </datafield>
  <datafield tag="906" ind1=" " ind2=" ">
    <subfield code="a">za20201026</subfield>
    <subfield code="b">zuno</subfield>
  </datafield>
</record>