

<record>
  <leader>     cz  a22     n  4500</leader>
  <controlfield tag="001">xx0253277</controlfield>
  <controlfield tag="003">CZ PrNK</controlfield>
  <controlfield tag="005">20201030162719.0</controlfield>
  <controlfield tag="008">201026|n|aznnnaabn           n a|a      </controlfield>
  <datafield tag="040" ind1=" " ind2=" ">
    <subfield code="a">ABG001</subfield>
    <subfield code="b">cze</subfield>
    <subfield code="d">ABA001</subfield>
    <subfield code="e">rda</subfield>
  </datafield>
  <datafield tag="046" ind1=" " ind2=" ">
    <subfield code="f">1829</subfield>
    <subfield code="g">1906</subfield>
  </datafield>
  <datafield tag="100" ind1="1" ind2=" ">
    <subfield code="a">Férat, Jules,</subfield>
    <subfield code="d">1829-1906</subfield>
    <subfield code="7">xx0253277</subfield>
  </datafield>
  <datafield tag="MOR" ind1="0" ind2=" ">
    <subfield code="a">Ferrat, Jules,</subfield>
    <subfield code="d">1829-1906</subfield>
    <subfield code="7">xx0253277</subfield>
  </datafield>
  <datafield tag="370" ind1=" " ind2=" ">
    <subfield code="b">Paříž, Francie</subfield>
    <subfield code="c">Francie</subfield>
  </datafield>
  <datafield tag="372" ind1=" " ind2=" ">
    <subfield code="a">ilustrace</subfield>
    <subfield code="a">malba</subfield>
    <subfield code="a">rytiny</subfield>
    <subfield code="a">knižní ilustrace</subfield>
  </datafield>
  <datafield tag="374" ind1=" " ind2=" ">
    <subfield code="a">ilustrátoři</subfield>
    <subfield code="a">malíři</subfield>
    <subfield code="a">rytci</subfield>
  </datafield>
  <datafield tag="375" ind1=" " ind2=" ">
    <subfield code="a">muž</subfield>
  </datafield>
  <datafield tag="400" ind1="1" ind2=" ">
    <subfield code="a">Ferrat, Jules,</subfield>
    <subfield code="d">1829-1906</subfield>
    <subfield code="0">o</subfield>
  </datafield>
  <datafield tag="400" ind1="1" ind2=" ">
    <subfield code="a">Férat, Jules-Descartes,</subfield>
    <subfield code="d">1829-1906</subfield>
    <subfield code="0">o</subfield>
  </datafield>
  <datafield tag="670" ind1=" " ind2=" ">
    <subfield code="a">Verne, Jules: Dobrodružství tří Rusů a tří Angličanů v jižní Africe (Ilustrace: Jules Ferrat), 2020</subfield>
    <subfield code="b">odkaz viz 1</subfield>
  </datafield>
  <datafield tag="670" ind1=" " ind2=" ">
    <subfield code="a">BNF, cit. 30. 10. 2020</subfield>
    <subfield code="b">autoritní forma, odkaz viz 2, biografické údaje</subfield>
  </datafield>
  <datafield tag="670" ind1=" " ind2=" ">
    <subfield code="a">www(Wikipedia, the free encyclopedia), cit. 30. 10. 2020</subfield>
    <subfield code="b">datum narození a úmrtí, biografické údaje</subfield>
    <subfield code="u">https://en.wikipedia.org/wiki/Jules_F%C3%A9rat</subfield>
  </datafield>
  <datafield tag="678" ind1="0" ind2=" ">
    <subfield code="a">Francouzský výtvarník, malíř, ilustrátor a rytec, zaměřený na obrazy z prostředí těžkého průmyslu, továren, strojů a dělníků. Ilustrátor knih a novin.</subfield>
  </datafield>
  <datafield tag="906" ind1=" " ind2=" ">
    <subfield code="a">za20201026</subfield>
    <subfield code="b">xhesr</subfield>
  </datafield>
  <datafield tag="906" ind1=" " ind2=" ">
    <subfield code="a">ko20201027</subfield>
    <subfield code="b">xjiva</subfield>
  </datafield>
  <datafield tag="906" ind1=" " ind2=" ">
    <subfield code="a">oz20201030</subfield>
    <subfield code="b">kurd</subfield>
    <subfield code="c">Záhlaví - oprava jména; 370a - zrušeno, ,370f - změna na 370b, 372a, 374a - další výskyty; Odkazy viz - nově; 670 - doplnění, aktualizace, zrušeno, další výskyt; 678 - formální úpravy, doplnění</subfield>
  </datafield>
</record>