

<record>
  <leader>     nz  a22     n  4500</leader>
  <datafield tag="900" ind1=" " ind2=" ">
    <subfield code="a">K-NÁVRH</subfield>
  </datafield>
  <controlfield tag="001">ko20201090500</controlfield>
  <controlfield tag="003">CZ PrNK</controlfield>
  <controlfield tag="005">20201026145408.0</controlfield>
  <controlfield tag="008">201026|n|aznnnaabn           n a|a      </controlfield>
  <datafield tag="040" ind1=" " ind2=" ">
    <subfield code="a">ABA001</subfield>
    <subfield code="b">cze</subfield>
    <subfield code="e">rda</subfield>
  </datafield>
  <datafield tag="110" ind1="2" ind2=" ">
    <subfield code="a">Apoštolát modlitby při kostele sv. Václava v Boršicích</subfield>
    <subfield code="7">ko20201090500</subfield>
  </datafield>
  <datafield tag="370" ind1=" " ind2=" ">
    <subfield code="c">Česko</subfield>
  </datafield>
  <datafield tag="410" ind1="2" ind2=" ">
    <subfield code="a">Apoštolát modlitby (Boršice, Česko)</subfield>
    <subfield code="0">o</subfield>
  </datafield>
  <datafield tag="410" ind1="2" ind2=" ">
    <subfield code="a">spolek ctitelů Božského Srdce Páně (Boršice, Česko)</subfield>
    <subfield code="0">o</subfield>
  </datafield>
  <datafield tag="670" ind1=" " ind2=" ">
    <subfield code="a">Studený, Jan Nepomuk. Kniha údů apoštolátu modlitby: (založená dne 16. června 1875); a, Kniha údů arcibratrstva růžencového: (založená dne 28. září 1879) v Boršicích. První vydání. Boršice: Milan Železník - Nakladatelství Buchlov, 2020. 26 stran. ISBN 978-80-906524-6-0.</subfield>
  </datafield>
  <datafield tag="678" ind1=" " ind2=" ">
    <subfield code="a">Založen katolickýcm knězem a duchovním správcem farnosti Boršice (u Buchlovic) roku 1875 p. Janem Nepomukem Studeným.</subfield>
  </datafield>
  <datafield tag="906" ind1=" " ind2=" ">
    <subfield code="a">za20201026</subfield>
    <subfield code="b">stkv</subfield>
  </datafield>
</record>