

<record>
  <leader>     cz  a22     n  4500</leader>
  <controlfield tag="001">aun20201090503</controlfield>
  <controlfield tag="003">CZ PrNK</controlfield>
  <controlfield tag="005">20201027154841.0</controlfield>
  <controlfield tag="008">201026|n|acnnnaabn           n a|a      </controlfield>
  <datafield tag="040" ind1=" " ind2=" ">
    <subfield code="a">ABA001</subfield>
    <subfield code="b">cze</subfield>
  </datafield>
  <datafield tag="100" ind1="1" ind2=" ">
    <subfield code="a">Studený, Jan Nepomuk.</subfield>
    <subfield code="t">Kniha údů Arcibratrstva růžencového</subfield>
    <subfield code="7">aun20201090503</subfield>
  </datafield>
  <datafield tag="MOR" ind1=" " ind2=" ">
    <subfield code="a">Studený, Jan Nepomuk,</subfield>
    <subfield code="t">Kniha údů Arcibratrstva růžencového</subfield>
    <subfield code="7">aun20201090503</subfield>
  </datafield>
  <datafield tag="670" ind1=" " ind2=" ">
    <subfield code="a">Studený, Jan Nepomuk. Kniha údů apoštolátu modlitby: (založená dne 16. června 1875); a, Kniha údů arcibratrstva růžencového: (založená dne 28. září 1879) v Boršicích. První vydání. Boršice: Milan Železník - Nakladatelství Buchlov, 2020. 26 stran. ISBN 978-80-906524-6-0.</subfield>
  </datafield>
  <datafield tag="906" ind1=" " ind2=" ">
    <subfield code="a">za20201026</subfield>
    <subfield code="b">stkv</subfield>
  </datafield>
  <datafield tag="906" ind1=" " ind2=" ">
    <subfield code="a">oz20201027</subfield>
    <subfield code="b">irpi</subfield>
  </datafield>
</record>