

<record>
  <leader>     cz  a22     n  4500</leader>
  <controlfield tag="001">ko20201090510</controlfield>
  <controlfield tag="003">CZ PrNK</controlfield>
  <controlfield tag="005">20201027133457.0</controlfield>
  <controlfield tag="008">201026|n|aznnnaabn           n a|a      </controlfield>
  <datafield tag="040" ind1=" " ind2=" ">
    <subfield code="a">ABA001</subfield>
    <subfield code="b">cze</subfield>
    <subfield code="d">ABA001</subfield>
    <subfield code="e">rda</subfield>
  </datafield>
  <datafield tag="110" ind1="2" ind2=" ">
    <subfield code="a">Československá obec sokolská.</subfield>
    <subfield code="b">Župa Východočeská-Pippichova.</subfield>
    <subfield code="b">Okrsek, III.</subfield>
    <subfield code="b">Slet</subfield>
    <subfield code="d">(1930 :</subfield>
    <subfield code="c">Česká Třebová, Česko)</subfield>
    <subfield code="7">ko20201090510</subfield>
  </datafield>
  <datafield tag="MOR" ind1="1" ind2=" ">
    <subfield code="a">Česká obec sokolská.</subfield>
    <subfield code="b">Župa Pippichova.</subfield>
    <subfield code="b">Slet</subfield>
    <subfield code="d">(3. :</subfield>
    <subfield code="c">Česká Třebová, Česko)</subfield>
    <subfield code="7">ko20201090510</subfield>
  </datafield>
  <datafield tag="370" ind1=" " ind2=" ">
    <subfield code="c">Česko</subfield>
    <subfield code="e">Česká Třebová, Česko</subfield>
  </datafield>
  <datafield tag="372" ind1=" " ind2=" ">
    <subfield code="a">sokolské slety</subfield>
  </datafield>
  <datafield tag="372" ind1=" " ind2=" ">
    <subfield code="a">tělovýchova</subfield>
    <subfield code="a">sport</subfield>
  </datafield>
  <datafield tag="377" ind1=" " ind2=" ">
    <subfield code="a">cze</subfield>
  </datafield>
  <datafield tag="411" ind1="2" ind2=" ">
    <subfield code="a">Slet III. okrsku východočeské sokolské župy Pippichovy</subfield>
    <subfield code="d">(1930 :</subfield>
    <subfield code="c">Česká Třebová, Česko)</subfield>
    <subfield code="0">o</subfield>
  </datafield>
  <datafield tag="670" ind1=" " ind2=" ">
    <subfield code="a">Hubálek, M.: Slet III. okrsku východočeské sokolské župy Pippichovy dne 3. srpna 1930 v České Třebové</subfield>
  </datafield>
  <datafield tag="906" ind1=" " ind2=" ">
    <subfield code="a">za20201026</subfield>
    <subfield code="b">zuno</subfield>
  </datafield>
  <datafield tag="906" ind1=" " ind2=" ">
    <subfield code="a">oz20201027</subfield>
    <subfield code="b">svsv</subfield>
    <subfield code="c">Záhlaví - oprava; Viz - nově; Další info - nově; Související místo - nově; Oblast působení - nově; Jazyk - nově</subfield>
  </datafield>
</record>