

<record>
  <leader>     nz  a22     n  4500</leader>
  <datafield tag="900" ind1=" " ind2=" ">
    <subfield code="a">J-NÁVRH-STT</subfield>
  </datafield>
  <controlfield tag="001">ntk20201090516</controlfield>
  <controlfield tag="003">CZ PrNK</controlfield>
  <controlfield tag="005">20201026181208.0</controlfield>
  <controlfield tag="008">201026|n|aznnnaabn           n a|a      </controlfield>
  <datafield tag="024" ind1="7" ind2=" ">
    <subfield code="a">0000000463456582</subfield>
    <subfield code="2">isni</subfield>
  </datafield>
  <datafield tag="040" ind1=" " ind2=" ">
    <subfield code="a">ABA013</subfield>
    <subfield code="b">cze</subfield>
    <subfield code="e">rda</subfield>
  </datafield>
  <datafield tag="046" ind1=" " ind2=" ">
    <subfield code="f">1601</subfield>
    <subfield code="g">1682</subfield>
  </datafield>
  <datafield tag="100" ind1="1" ind2=" ">
    <subfield code="a">Pfann, Johann,</subfield>
    <subfield code="d">1601-1682</subfield>
    <subfield code="7">ntk20201090516</subfield>
  </datafield>
  <datafield tag="368" ind1=" " ind2=" ">
    <subfield code="c">Německo</subfield>
  </datafield>
  <datafield tag="370" ind1=" " ind2=" ">
    <subfield code="f">Norimberk, Německo</subfield>
    <subfield code="s">1625</subfield>
    <subfield code="t">1670</subfield>
  </datafield>
  <datafield tag="372" ind1=" " ind2=" ">
    <subfield code="a">výtvarné umění</subfield>
    <subfield code="a">grafika</subfield>
    <subfield code="a">rytiny</subfield>
    <subfield code="a">mědirytiny</subfield>
    <subfield code="a">knižní ilustrace</subfield>
  </datafield>
  <datafield tag="374" ind1=" " ind2=" ">
    <subfield code="a">výtvarní umělci</subfield>
    <subfield code="a">grafici</subfield>
    <subfield code="a">rytci</subfield>
    <subfield code="a">mědirytci</subfield>
    <subfield code="a">ilustrátoři</subfield>
  </datafield>
  <datafield tag="375" ind1=" " ind2=" ">
    <subfield code="a">muž</subfield>
  </datafield>
  <datafield tag="377" ind1=" " ind2=" ">
    <subfield code="a">ger</subfield>
  </datafield>
  <datafield tag="400" ind1="1" ind2=" ">
    <subfield code="a">Pfann, Johannes,</subfield>
    <subfield code="d">1601-1682</subfield>
    <subfield code="0">o</subfield>
  </datafield>
  <datafield tag="400" ind1="1" ind2=" ">
    <subfield code="a">Pfann, Johann,</subfield>
    <subfield code="c">II.,</subfield>
    <subfield code="d">1601-1682</subfield>
    <subfield code="0">o</subfield>
  </datafield>
  <datafield tag="400" ind1="1" ind2=" ">
    <subfield code="a">Pfann, Iohann,</subfield>
    <subfield code="d">1601-1682</subfield>
    <subfield code="0">o</subfield>
  </datafield>
  <datafield tag="400" ind1="1" ind2=" ">
    <subfield code="a">Phann, Ioh.,</subfield>
    <subfield code="d">1601-1682</subfield>
    <subfield code="0">o</subfield>
  </datafield>
  <datafield tag="400" ind1="1" ind2=" ">
    <subfield code="a">Phan, Ioh.,</subfield>
    <subfield code="d">1601-1682</subfield>
    <subfield code="0">o</subfield>
  </datafield>
  <datafield tag="667" ind1=" " ind2=" ">
    <subfield code="a">http://d-nb.info/gnd/123690153. https://catalogue.bnf.fr/ark:/12148/cb147726444.</subfield>
  </datafield>
  <datafield tag="667" ind1=" " ind2=" ">
    <subfield code="a">Identifikátor Wikidat (https://www.wikidata.org/wiki/Q53505650), inzerovaný v klastru viaf (http://viaf.org/viaf/1399150748994216420000), není uveden v poli 024, protože data v jeho záznamu jsou rozporuplná s daty uvedenými v tomto záznamu.</subfield>
  </datafield>
  <datafield tag="670" ind1=" " ind2=" ">
    <subfield code="a">DELICIÆ PHYSICO-MATHEMATICÆ. Oder Mathemat: und Philosophische Erquickstunden. [1], Darinnen Sechshundert Drey und Sechzig, Schöne, Liebliche und Annehmliche Kunststücklein, ... Nürnberg in Verlegung. Jeremiæ Dümlers, 1651. [Grafik titulní strany]: Ioh: Phan Sculp:</subfield>
    <subfield code="b">odkaz viz</subfield>
    <subfield code="u">http://nbn-resolving.de/urn:nbn:de:bsz:14-db-id2754694924</subfield>
  </datafield>
  <datafield tag="670" ind1=" " ind2=" ">
    <subfield code="a">DBN, cit. 26. 10. 2020</subfield>
    <subfield code="b">autoritní forma, odkazy viz, datum narození a úmrtí, biografická a profesní data</subfield>
    <subfield code="u">http://d-nb.info/gnd/123690153</subfield>
  </datafield>
  <datafield tag="670" ind1=" " ind2=" ">
    <subfield code="a">BNF, cit. 26. 10. 2020</subfield>
    <subfield code="b">odkaz viz, data činnosti</subfield>
    <subfield code="u">https://catalogue.bnf.fr/ark:/12148/cb147726444</subfield>
  </datafield>
  <datafield tag="678" ind1="0" ind2=" ">
    <subfield code="a">Německý malíř, grafik, mědirytec a knižní ilustrátor, činný v letech 1626-1670 v Norimberku. Jeho synem byl mědirytec Wilhelm Pfann (1644-), činný v letech 1660-1690 taktéž v Norimberku.</subfield>
  </datafield>
  <datafield tag="906" ind1=" " ind2=" ">
    <subfield code="a">za20201026</subfield>
    <subfield code="b">evbr</subfield>
  </datafield>
  <datafield tag="906" ind1=" " ind2=" ">
    <subfield code="a">ko20201026</subfield>
    <subfield code="b">evbr</subfield>
  </datafield>
</record>

<record>
  <leader>     nz  a22     n  4500</leader>
  <controlfield tag="001">ch1090517</controlfield>
  <controlfield tag="003">CZ PrNK</controlfield>
  <controlfield tag="005">20201026164926.0</controlfield>
  <controlfield tag="008">080612|n|anznnbabn           n a|a      </controlfield>
  <datafield tag="040" ind1=" " ind2=" ">
    <subfield code="a">ABA001</subfield>
    <subfield code="b">cze</subfield>
  </datafield>
  <datafield tag="045" ind1=" " ind2=" ">
    <subfield code="a">--w-</subfield>
  </datafield>
  <datafield tag="148" ind1=" " ind2=" ">
    <subfield code="a">do 19. století</subfield>
    <subfield code="7">ch1090517</subfield>
  </datafield>
  <datafield tag="448" ind1=" " ind2=" ">
    <subfield code="a">poč.-19. století</subfield>
    <subfield code="0">o</subfield>
  </datafield>
  <datafield tag="906" ind1=" " ind2=" ">
    <subfield code="a">wp20201026</subfield>
    <subfield code="b">irpi</subfield>
  </datafield>
</record>