

<record>
  <leader>     cz  a22     n  4500</leader>
  <controlfield tag="001">ko20201090529</controlfield>
  <controlfield tag="003">CZ PrNK</controlfield>
  <controlfield tag="005">20201027091424.0</controlfield>
  <controlfield tag="008">201026|n|aznnnaabn           n a|a      </controlfield>
  <datafield tag="040" ind1=" " ind2=" ">
    <subfield code="a">ABA001</subfield>
    <subfield code="b">cze</subfield>
    <subfield code="d">ABA001</subfield>
    <subfield code="e">rda</subfield>
  </datafield>
  <datafield tag="110" ind1="2" ind2=" ">
    <subfield code="a">Active Citizens (program)</subfield>
    <subfield code="7">ko20201090529</subfield>
  </datafield>
  <datafield tag="368" ind1=" " ind2=" ">
    <subfield code="a">vzdělávací programy</subfield>
    <subfield code="a">vzdělávací projekty</subfield>
    <subfield code="a">mezinárodní programy a projekty</subfield>
  </datafield>
  <datafield tag="370" ind1=" " ind2=" ">
    <subfield code="c">Česko</subfield>
  </datafield>
  <datafield tag="372" ind1=" " ind2=" ">
    <subfield code="a">interkulturní komunikace</subfield>
    <subfield code="a">občanská výchova</subfield>
    <subfield code="a">vzdělávání</subfield>
  </datafield>
  <datafield tag="377" ind1=" " ind2=" ">
    <subfield code="a">cze</subfield>
    <subfield code="a">eng</subfield>
  </datafield>
  <datafield tag="410" ind1="2" ind2=" ">
    <subfield code="a">Active Citizens (projekt)</subfield>
    <subfield code="7">ko20201090529</subfield>
    <subfield code="0">o</subfield>
  </datafield>
  <datafield tag="410" ind1="2" ind2=" ">
    <subfield code="a">Active Citizens - komunitní vzdělávání pro střední školy (projekt)</subfield>
    <subfield code="0">o</subfield>
  </datafield>
  <datafield tag="410" ind1="2" ind2=" ">
    <subfield code="a">Active Citizens - komunitní vzdělávání pro střední školy (program)</subfield>
    <subfield code="0">o</subfield>
  </datafield>
  <datafield tag="410" ind1="2" ind2=" ">
    <subfield code="a">Program "Active Citizens"</subfield>
    <subfield code="0">o</subfield>
  </datafield>
  <datafield tag="410" ind1="2" ind2=" ">
    <subfield code="a">Projekt "Active Citizens"</subfield>
    <subfield code="0">o</subfield>
  </datafield>
  <datafield tag="670" ind1=" " ind2=" ">
    <subfield code="a">Active Citizens : metodika programu pro 2. stupeň základních škol : vhodné do hodin výchovy k občanství, pro školní parlamenty, jako volitelný předmět/zájmový kroužek</subfield>
  </datafield>
  <datafield tag="670" ind1=" " ind2=" ">
    <subfield code="a">www(British Council - Active Citizens), cit. 27. 10. 2020</subfield>
    <subfield code="u">https://www.britishcouncil.cz/projekty/spolecnost/active-citizens</subfield>
  </datafield>
  <datafield tag="678" ind1=" " ind2=" ">
    <subfield code="a">Mezinárodní program zaměřený na podporu interkulturního dialogu a rozvoje komunit ve světě. Projekt probíhal v letech 2012-2014 v ČR ho společně realizovaly organizace British Council a Člověk v tísni, o.p.s. - program Varianty.</subfield>
  </datafield>
  <datafield tag="906" ind1=" " ind2=" ">
    <subfield code="a">za20201026</subfield>
    <subfield code="b">ejav</subfield>
  </datafield>
  <datafield tag="906" ind1=" " ind2=" ">
    <subfield code="a">op20201027</subfield>
    <subfield code="b">svsv</subfield>
    <subfield code="c">Viz - nově; URL - nově; Zdroj - další výskyt; Biografická poznámka - doplnění; Další info - nově; Související místo - nově; Oblast působení - nově; Jazyk - nově</subfield>
  </datafield>
</record>