

<record>
  <leader>     nz  a22     n  4500</leader>
  <datafield tag="900" ind1=" " ind2=" ">
    <subfield code="a">*J-NÁVRH</subfield>
  </datafield>
  <controlfield tag="001">mzk20201090534</controlfield>
  <controlfield tag="003">CZ PrNK</controlfield>
  <controlfield tag="005">20201030071735.0</controlfield>
  <controlfield tag="008">201027|n|aznnnaabn           n a|a      </controlfield>
  <datafield tag="024" ind1="7" ind2=" ">
    <subfield code="a">0000000106783278</subfield>
    <subfield code="2">isni</subfield>
  </datafield>
  <datafield tag="040" ind1=" " ind2=" ">
    <subfield code="a">BOA001</subfield>
    <subfield code="b">cze</subfield>
    <subfield code="e">rda</subfield>
  </datafield>
  <datafield tag="046" ind1=" " ind2=" ">
    <subfield code="f">1910</subfield>
    <subfield code="g">1983</subfield>
  </datafield>
  <datafield tag="100" ind1="1" ind2=" ">
    <subfield code="a">Sahama, Th. G.,</subfield>
    <subfield code="d">1910-1983</subfield>
    <subfield code="7">mzk20201090534</subfield>
  </datafield>
  <datafield tag="370" ind1=" " ind2=" ">
    <subfield code="a">Vyborg, Rusko</subfield>
    <subfield code="b">Helsinky, Finsko</subfield>
    <subfield code="c">Finsko</subfield>
  </datafield>
  <datafield tag="372" ind1=" " ind2=" ">
    <subfield code="a">geochemie</subfield>
    <subfield code="a">mineralogie</subfield>
    <subfield code="a">vulkanologie</subfield>
  </datafield>
  <datafield tag="374" ind1=" " ind2=" ">
    <subfield code="a">geochemici</subfield>
    <subfield code="a">mineralogové</subfield>
    <subfield code="a">vulkanologové</subfield>
  </datafield>
  <datafield tag="375" ind1=" " ind2=" ">
    <subfield code="a">muž</subfield>
  </datafield>
  <datafield tag="377" ind1=" " ind2=" ">
    <subfield code="a">fin</subfield>
  </datafield>
  <datafield tag="400" ind1="1" ind2=" ">
    <subfield code="a">Sahama, Thure Georg,</subfield>
    <subfield code="d">1910-1983</subfield>
    <subfield code="0">o</subfield>
  </datafield>
  <datafield tag="400" ind1="1" ind2=" ">
    <subfield code="w">r</subfield>
    <subfield code="i">Skutečné jméno:</subfield>
    <subfield code="a">Sahlstein, Th. G.,</subfield>
    <subfield code="d">1910-1983</subfield>
    <subfield code="0">o</subfield>
  </datafield>
  <datafield tag="670" ind1=" " ind2=" ">
    <subfield code="a">Sahama, Th. G.: Mineralogy and petrology of a lava flow from Mt. Nyiragongo, Belgian Congo, 1953</subfield>
  </datafield>
  <datafield tag="670" ind1=" " ind2=" ">
    <subfield code="a">www(Kansalliskirjasto), cit. 27. 10. 2020</subfield>
    <subfield code="b">autoritní forma, odkaz vit, biografické údaje, rok narození a úmrtí</subfield>
  </datafield>
  <datafield tag="670" ind1=" " ind2=" ">
    <subfield code="a">Wikipedia (Wikipedia, vapaa tietosanakirja), cit. 27. 10. 2020</subfield>
    <subfield code="b">odkaz viz, biografické údaje, místo narození a úmrtí</subfield>
    <subfield code="u">https://fi.wikipedia.org/wiki/Thure_Georg_Sahama</subfield>
  </datafield>
  <datafield tag="678" ind1="0" ind2=" ">
    <subfield code="a">Finský geochemik, mineralog a vulkanolog. Narozen v Rusku jako Th.G. Sahlstein, od roku 1936 používal jméno Th.G. Sahama. Po 2. světové válce působil též v USA.</subfield>
  </datafield>
  <datafield tag="906" ind1=" " ind2=" ">
    <subfield code="a">za20201027</subfield>
    <subfield code="b">goldma</subfield>
  </datafield>
</record>