

<record>
  <leader>     nz  a22     n  4500</leader>
  <controlfield tag="001">aun20201090536</controlfield>
  <controlfield tag="003">CZ PrNK</controlfield>
  <controlfield tag="005">20201027080342.0</controlfield>
  <controlfield tag="008">201027|n|aznnnaabn           n a|a      </controlfield>
  <datafield tag="040" ind1=" " ind2=" ">
    <subfield code="a">ABA001</subfield>
    <subfield code="b">cze</subfield>
    <subfield code="e">rda</subfield>
  </datafield>
  <datafield tag="100" ind1="1" ind2=" ">
    <subfield code="a">Kafka, Franz,</subfield>
    <subfield code="d">1883-1924.</subfield>
    <subfield code="t">Beim Bau der chinesischen Mauer.</subfield>
    <subfield code="l">Anglicky</subfield>
    <subfield code="7">aun20201090536</subfield>
  </datafield>
  <datafield tag="400" ind1="1" ind2=" ">
    <subfield code="a">Kafka, Franz,</subfield>
    <subfield code="d">1883-1924.</subfield>
    <subfield code="t">Great wall of China</subfield>
    <subfield code="0">o</subfield>
  </datafield>
  <datafield tag="667" ind1=" " ind2=" ">
    <subfield code="a">Úplný název anglického překladu: The great wall of China.</subfield>
  </datafield>
  <datafield tag="670" ind1=" " ind2=" ">
    <subfield code="a">Slovník spisovatelů německého jazyka a spisovatelů lužickosrbských : Odeon</subfield>
  </datafield>
  <datafield tag="670" ind1=" " ind2=" ">
    <subfield code="a">DNB, cit. 27. 10. 2020</subfield>
  </datafield>
  <datafield tag="670" ind1=" " ind2=" ">
    <subfield code="a">LC (OPAC), cit. 27. 10. 2020</subfield>
  </datafield>
  <datafield tag="670" ind1=" " ind2=" ">
    <subfield code="a">www(Wikipedia, the free encyclopedia), cit. 27. 10. 2020</subfield>
  </datafield>
  <datafield tag="678" ind1=" " ind2=" ">
    <subfield code="a">Povídka, obvykle nevychází samostatně, ale v souboru s dalšími.</subfield>
  </datafield>
  <datafield tag="906" ind1=" " ind2=" ">
    <subfield code="a">br20201027</subfield>
    <subfield code="b">blau</subfield>
  </datafield>
  <datafield tag="906" ind1=" " ind2=" ">
    <subfield code="a">ks20201027</subfield>
    <subfield code="b">blau</subfield>
  </datafield>
</record>