

<record>
  <leader>     nz  a22     n  4500</leader>
  <datafield tag="900" ind1=" " ind2=" ">
    <subfield code="a">*K-NÁVRH</subfield>
  </datafield>
  <controlfield tag="001">olak20201090547</controlfield>
  <controlfield tag="003">CZ PrNK</controlfield>
  <controlfield tag="005">20201027113157.0</controlfield>
  <controlfield tag="008">201027|n|aznnnaabn           n a|a      </controlfield>
  <datafield tag="040" ind1=" " ind2=" ">
    <subfield code="a">OLA001</subfield>
    <subfield code="b">cze</subfield>
    <subfield code="e">rda</subfield>
  </datafield>
  <datafield tag="110" ind1="2" ind2=" ">
    <subfield code="a">Kościół św. Katarzyny Aleksandryjskiej w Gręboszowie</subfield>
    <subfield code="7">olak20201090547</subfield>
  </datafield>
  <datafield tag="368" ind1=" " ind2=" ">
    <subfield code="a">kostely</subfield>
  </datafield>
  <datafield tag="370" ind1=" " ind2=" ">
    <subfield code="c">Polsko</subfield>
    <subfield code="e">Gręboszów, Opolské vojvodství, Polsko</subfield>
  </datafield>
  <datafield tag="372" ind1=" " ind2=" ">
    <subfield code="a">kostely</subfield>
    <subfield code="a">dřevěné kostely</subfield>
    <subfield code="a">historické budovy</subfield>
    <subfield code="a">architektonické památky</subfield>
  </datafield>
  <datafield tag="377" ind1=" " ind2=" ">
    <subfield code="a">pol</subfield>
  </datafield>
  <datafield tag="410" ind1="2" ind2=" ">
    <subfield code="a">Kościół św. Katarzyny Aleksandryjskiej (Gręboszów, Opolské vojvodství, Polsko)</subfield>
    <subfield code="0">o</subfield>
  </datafield>
  <datafield tag="410" ind1="2" ind2=" ">
    <subfield code="a">Kościół z Gręboszowa pw. św. Katarzyny Aleksandryjskiej</subfield>
    <subfield code="0">o</subfield>
  </datafield>
  <datafield tag="410" ind1="2" ind2=" ">
    <subfield code="a">Kostel sv. Kateřiny Alexandrijské z Greboszowa</subfield>
    <subfield code="0">o</subfield>
  </datafield>
  <datafield tag="410" ind1="2" ind2=" ">
    <subfield code="a">Kostel sv. Kateřiny Alexandrijské (Gręboszów, Opolské vojvodství, Polsko)</subfield>
    <subfield code="0">o</subfield>
  </datafield>
  <datafield tag="670" ind1=" " ind2=" ">
    <subfield code="a">Kostel Navštívení Panny Marie "Kaple V Lipkách" = Kościół Nawiedzenia NMP "Kaplica V Lipkách" / Tomáš Lašák. Kościół z Gręboszowa pw. św. Katarzyny Aleksandryjskiej = Kostel sv. Kateřiny Alexandrijské z Greboszowa / Aleksandra Kośmicka, 2020</subfield>
    <subfield code="b">odkaz viz, poznámky</subfield>
  </datafield>
  <datafield tag="670" ind1=" " ind2=" ">
    <subfield code="a">www(Wikipedia, wolna encyklopedia), cit. 27. 10. 2020</subfield>
    <subfield code="b">autoritní forma, odkaz viz, poznámky</subfield>
    <subfield code="u">https://pl.wikipedia.org/wiki/Ko%C5%9Bci%C3%B3%C5%82_%C5%9Bw._Katarzyny_Aleksandryjskiej_w_Gr%C4%99boszowie</subfield>
  </datafield>
  <datafield tag="675" ind1=" " ind2=" ">
    <subfield code="a">LC (Names), cit. 27. 10. 2020</subfield>
  </datafield>
  <datafield tag="906" ind1=" " ind2=" ">
    <subfield code="a">ko20201027</subfield>
    <subfield code="b">vepo</subfield>
  </datafield>
</record>