

<record>
  <leader>     nz  a22     n  4500</leader>
  <controlfield tag="001">kon20201090548</controlfield>
  <controlfield tag="003">CZ PrNK</controlfield>
  <controlfield tag="005">20201027092657.0</controlfield>
  <controlfield tag="008">201027|n|aznnnaabn           n a|a      </controlfield>
  <datafield tag="040" ind1=" " ind2=" ">
    <subfield code="a">ABA001</subfield>
    <subfield code="b">cze</subfield>
    <subfield code="e">rda</subfield>
  </datafield>
  <datafield tag="110" ind1="2" ind2=" ">
    <subfield code="a">Česká vysoká škola technická v Brně.</subfield>
    <subfield code="t">Studijní program (Česká vysoká škola technická v Brně)</subfield>
    <subfield code="7">kon20201090548</subfield>
  </datafield>
  <datafield tag="410" ind1="2" ind2=" ">
    <subfield code="a">Česká vysoká škola technická v Brně.</subfield>
    <subfield code="t">Program České vysoké školy technické v Brně</subfield>
    <subfield code="0">o</subfield>
  </datafield>
  <datafield tag="410" ind1="2" ind2=" ">
    <subfield code="a">Česká vysoká škola technická v Brně.</subfield>
    <subfield code="t">rogram a seznam osob České vysoké školy technické v Brně</subfield>
    <subfield code="0">o</subfield>
  </datafield>
  <datafield tag="670" ind1=" " ind2=" ">
    <subfield code="a">Program České vysoké školy technické v Brně. Brno : Česká vysoká škola technická, 1919-1937</subfield>
  </datafield>
  <datafield tag="906" ind1=" " ind2=" ">
    <subfield code="a">br20201027</subfield>
    <subfield code="b">juri</subfield>
  </datafield>
  <datafield tag="906" ind1=" " ind2=" ">
    <subfield code="a">ks20201027</subfield>
    <subfield code="b">juri</subfield>
  </datafield>
</record>