

<record>
  <leader>     nz  a22     n  4500</leader>
  <controlfield tag="001">kon20201090564</controlfield>
  <controlfield tag="003">CZ PrNK</controlfield>
  <controlfield tag="005">20201027103157.0</controlfield>
  <controlfield tag="008">201027|n|aznnnaabn           n a|a      </controlfield>
  <datafield tag="040" ind1=" " ind2=" ">
    <subfield code="a">ABA001</subfield>
    <subfield code="b">cze</subfield>
    <subfield code="e">rda</subfield>
  </datafield>
  <datafield tag="110" ind1="2" ind2=" ">
    <subfield code="a">České vysoké učení technické v Praze.</subfield>
    <subfield code="t">Informace o studiu (České vysoké učení technické v Praze)</subfield>
    <subfield code="7">kon20201090564</subfield>
  </datafield>
  <datafield tag="410" ind1="2" ind2=" ">
    <subfield code="a">České vysoké učení technické v Praze.</subfield>
    <subfield code="t">O studiu na Českém vysokém učení technickém v Praze</subfield>
    <subfield code="0">o</subfield>
  </datafield>
  <datafield tag="670" ind1=" " ind2=" ">
    <subfield code="a">O studiu na Českém vysokém učení technickém v Praze. V Praze : Rektorát ČVUT, 1955</subfield>
  </datafield>
  <datafield tag="906" ind1=" " ind2=" ">
    <subfield code="a">br20201027</subfield>
    <subfield code="b">juri</subfield>
  </datafield>
  <datafield tag="906" ind1=" " ind2=" ">
    <subfield code="a">ks20201027</subfield>
    <subfield code="b">juri</subfield>
  </datafield>
</record>