

<record>
  <leader>     nz  a22     n  4500</leader>
  <datafield tag="900" ind1=" " ind2=" ">
    <subfield code="a">J-NÁVRH-STT</subfield>
  </datafield>
  <controlfield tag="001">ntk20201090566</controlfield>
  <controlfield tag="003">CZ PrNK</controlfield>
  <controlfield tag="005">20201027104320.0</controlfield>
  <controlfield tag="008">201027|n|aznnnaabn           n a|a      </controlfield>
  <datafield tag="024" ind1="7" ind2=" ">
    <subfield code="a">0000000458793963</subfield>
    <subfield code="2">isni</subfield>
  </datafield>
  <datafield tag="024" ind1="7" ind2=" ">
    <subfield code="a">Q157812</subfield>
    <subfield code="2">wikidata</subfield>
  </datafield>
  <datafield tag="040" ind1=" " ind2=" ">
    <subfield code="a">ABA013</subfield>
    <subfield code="b">cze</subfield>
    <subfield code="e">rda</subfield>
  </datafield>
  <datafield tag="046" ind1=" " ind2=" ">
    <subfield code="f">1609</subfield>
    <subfield code="g">1670</subfield>
  </datafield>
  <datafield tag="100" ind1="0" ind2=" ">
    <subfield code="a">Frederik</subfield>
    <subfield code="b">III.,</subfield>
    <subfield code="c">dánský král,</subfield>
    <subfield code="d">1609-1670</subfield>
    <subfield code="7">ntk20201090566</subfield>
  </datafield>
  <datafield tag="368" ind1=" " ind2=" ">
    <subfield code="d">Konge af Danmark-Norge</subfield>
    <subfield code="s">1648</subfield>
    <subfield code="t">1670</subfield>
  </datafield>
  <datafield tag="368" ind1=" " ind2=" ">
    <subfield code="d">Bremen, Erzbischof</subfield>
    <subfield code="s">1631</subfield>
    <subfield code="t">1648</subfield>
  </datafield>
  <datafield tag="368" ind1=" " ind2=" ">
    <subfield code="d">Verden, Bischof</subfield>
    <subfield code="s">1623</subfield>
    <subfield code="t">1648</subfield>
  </datafield>
  <datafield tag="368" ind1=" " ind2=" ">
    <subfield code="d">Schleswig-Holstein, Herzog</subfield>
  </datafield>
  <datafield tag="370" ind1=" " ind2=" ">
    <subfield code="a">Haderslev, Dánsko</subfield>
    <subfield code="b">Kodaň, Dánsko</subfield>
    <subfield code="c">Dánsko</subfield>
    <subfield code="c">Norsko</subfield>
    <subfield code="f">Kodaň, Dánsko</subfield>
    <subfield code="f">Verden, Německo</subfield>
    <subfield code="f">Brémy, Německo</subfield>
  </datafield>
  <datafield tag="372" ind1=" " ind2=" ">
    <subfield code="a">státní správa</subfield>
    <subfield code="a">politika</subfield>
    <subfield code="a">vládnutí</subfield>
  </datafield>
  <datafield tag="374" ind1=" " ind2=" ">
    <subfield code="a">šlechtici</subfield>
    <subfield code="a">panovníci</subfield>
    <subfield code="a">státníci</subfield>
    <subfield code="a">politici</subfield>
  </datafield>
  <datafield tag="375" ind1=" " ind2=" ">
    <subfield code="a">muž</subfield>
  </datafield>
  <datafield tag="377" ind1=" " ind2=" ">
    <subfield code="a">eng</subfield>
    <subfield code="a">ger</subfield>
    <subfield code="a">dut</subfield>
    <subfield code="a">lat</subfield>
    <subfield code="a">dan</subfield>
  </datafield>
  <datafield tag="400" ind1="0" ind2=" ">
    <subfield code="a">Frederik</subfield>
    <subfield code="b">III.,</subfield>
    <subfield code="c">konge af Danmark,</subfield>
    <subfield code="d">1609-1670</subfield>
    <subfield code="2">czedan</subfield>
    <subfield code="0">o</subfield>
  </datafield>
  <datafield tag="400" ind1="0" ind2=" ">
    <subfield code="a">Frederik</subfield>
    <subfield code="b">III.,</subfield>
    <subfield code="c">konge av Danmark og Norge,</subfield>
    <subfield code="d">1609-1670</subfield>
    <subfield code="2">czenor</subfield>
    <subfield code="0">o</subfield>
  </datafield>
  <datafield tag="400" ind1="0" ind2=" ">
    <subfield code="a">Fredrik</subfield>
    <subfield code="b">III.,</subfield>
    <subfield code="c">kung av Danmark-Norge,</subfield>
    <subfield code="d">1609-1670</subfield>
    <subfield code="2">czeswe</subfield>
    <subfield code="0">o</subfield>
  </datafield>
  <datafield tag="400" ind1="0" ind2=" ">
    <subfield code="a">Frederik</subfield>
    <subfield code="b">III.,</subfield>
    <subfield code="c">koning van Denemarken,</subfield>
    <subfield code="d">1609-1670</subfield>
    <subfield code="2">czedut</subfield>
    <subfield code="0">o</subfield>
  </datafield>
  <datafield tag="400" ind1="0" ind2=" ">
    <subfield code="a">Friedrich</subfield>
    <subfield code="b">III.,</subfield>
    <subfield code="c">Dänemark, König,</subfield>
    <subfield code="d">1609-1670</subfield>
    <subfield code="2">czeger</subfield>
    <subfield code="0">o</subfield>
  </datafield>
  <datafield tag="400" ind1="0" ind2=" ">
    <subfield code="a">Frederick</subfield>
    <subfield code="b">III,</subfield>
    <subfield code="c">King of Denmark and Norway,</subfield>
    <subfield code="d">1609-1670</subfield>
    <subfield code="2">czeeng</subfield>
    <subfield code="0">o</subfield>
  </datafield>
  <datafield tag="400" ind1="0" ind2=" ">
    <subfield code="a">Frédérick</subfield>
    <subfield code="b">III,</subfield>
    <subfield code="c">roi de Danemark,</subfield>
    <subfield code="d">1609-1670</subfield>
    <subfield code="2">czefre</subfield>
    <subfield code="0">o</subfield>
  </datafield>
  <datafield tag="400" ind1="0" ind2=" ">
    <subfield code="a">Fryderyk</subfield>
    <subfield code="b">III,</subfield>
    <subfield code="c">król Danii i Norwegii,</subfield>
    <subfield code="d">1609-1670</subfield>
    <subfield code="2">czepol</subfield>
    <subfield code="0">o</subfield>
  </datafield>
  <datafield tag="400" ind1="0" ind2=" ">
    <subfield code="a">Fridericus</subfield>
    <subfield code="b">III.,</subfield>
    <subfield code="c">Dania, Norvegia, Rex,</subfield>
    <subfield code="d">1609-1670</subfield>
    <subfield code="2">czelat</subfield>
    <subfield code="0">o</subfield>
  </datafield>
  <datafield tag="400" ind1="0" ind2=" ">
    <subfield code="a">Fridericus</subfield>
    <subfield code="b">III.,</subfield>
    <subfield code="c">Dania, Norwegia, Rex,</subfield>
    <subfield code="d">1609-1670</subfield>
    <subfield code="2">czelat</subfield>
    <subfield code="0">o</subfield>
  </datafield>
  <datafield tag="400" ind1="0" ind2=" ">
    <subfield code="a">Frederik</subfield>
    <subfield code="b">III.,</subfield>
    <subfield code="c">dánský a norský král,</subfield>
    <subfield code="d">1609-1670</subfield>
    <subfield code="0">o</subfield>
  </datafield>
  <datafield tag="667" ind1=" " ind2=" ">
    <subfield code="a">http://d-nb.info/gnd/118693484.</subfield>
  </datafield>
  <datafield tag="667" ind1=" " ind2=" ">
    <subfield code="a">Zdroj KB-DA má v rámci autoritní formy v doplňku uvedena také data vládnutí: „Frederik III, 1609-1670, konge af Danmark 1648-1670“. V záhlaví tohoto záznamu bylo nutné tato data vyjmout na základě platné metodiky tvorby autorit v ČR.</subfield>
  </datafield>
  <datafield tag="670" ind1=" " ind2=" ">
    <subfield code="a">DELITIÆ PHILOSOPHICÆ ET MATHEMATICÆ: Der Philosophischen und Mathematischen Erquickstunden. Dritter Theil, Bestehend in Fünffhundert nutzlichen und lustigen Kunstfragen ... Durch durch Georg Philip Harßdörffern ... NÜRNBERG: In Verlegung, Wolffgang deß Jüngern, und Joh. Andreas Endtern, 1751. [Dedikace]: Dem ... Herrn Friederichen, Dem Dritten dieses Namens zu Dennemarck, Norwegen, ...</subfield>
    <subfield code="u">http://diglib.hab.de/drucke/224-3-quod/start.htm</subfield>
  </datafield>
  <datafield tag="670" ind1=" " ind2=" ">
    <subfield code="a">KB-DA, cit. 27. 10. 2020</subfield>
    <subfield code="b">autoritní forma (rejstříkové záhlaví), datum narození a úmrtí, data vládnutí</subfield>
  </datafield>
  <datafield tag="670" ind1=" " ind2=" ">
    <subfield code="a">DNB, cit. 27. 10. 2020</subfield>
    <subfield code="b">odkazy viz, biografické údaje</subfield>
    <subfield code="u">http://d-nb.info/gnd/118693484</subfield>
  </datafield>
  <datafield tag="670" ind1=" " ind2=" ">
    <subfield code="a">www(Wikipedie, otevřená encyklopedie), cit. 27. 10. 2020</subfield>
    <subfield code="b">místo narození a úmrtí, biografické a profesní údaje</subfield>
    <subfield code="u">https://cs.wikipedia.org/wiki/Frederik_III._D%C3%A1nsk%C3%BD</subfield>
  </datafield>
  <datafield tag="678" ind1="0" ind2=" ">
    <subfield code="a">Dánský a norský král, který vládl v letech 1648-1670. V Dánsku a Norsku zavedl absolutismus, který trval v Norsku přes 150 let a v Dánsku přes 200 let. Jeho synem byl Kristián V. (1646-1699), který jako dánský a norský král vládl v letech 1670-1699. Jméno popisované osoby bývá v roli dedikanta uváděno v publikacích 17. století.</subfield>
  </datafield>
  <datafield tag="906" ind1=" " ind2=" ">
    <subfield code="a">za20201027</subfield>
    <subfield code="b">evbr</subfield>
  </datafield>
  <datafield tag="906" ind1=" " ind2=" ">
    <subfield code="a">ko20201027</subfield>
    <subfield code="b">evbr</subfield>
  </datafield>
</record>