

<record>
  <leader>     nz  a22     n  4500</leader>
  <controlfield tag="001">jo20201090571</controlfield>
  <controlfield tag="003">CZ PrNK</controlfield>
  <controlfield tag="005">20201027105832.0</controlfield>
  <controlfield tag="008">201027|n|aznnnaabn           n a|a      </controlfield>
  <datafield tag="040" ind1=" " ind2=" ">
    <subfield code="a">ABA001</subfield>
    <subfield code="b">cze</subfield>
    <subfield code="e">rda</subfield>
  </datafield>
  <datafield tag="046" ind1=" " ind2=" ">
    <subfield code="f">1960</subfield>
  </datafield>
  <datafield tag="100" ind1="1" ind2=" ">
    <subfield code="a">Jetmar, Jan,</subfield>
    <subfield code="d">1960-</subfield>
    <subfield code="7">jo20201090571</subfield>
  </datafield>
  <datafield tag="368" ind1=" " ind2=" ">
    <subfield code="d">doc., Vojenská akademie v Brně (Bezdemonážní diagnostika složitých strojních systémů)</subfield>
    <subfield code="d">CSc., Vojenská akademie v Brně (Bezdemontážní metody technické diagnostiky se zaměřením na tribologické diagnostické metody)</subfield>
    <subfield code="d">Ing., Vojenská akademie Antonína Zápotockého v Brně (Stavba a provoz automobilové techniky)</subfield>
  </datafield>
  <datafield tag="370" ind1=" " ind2=" ">
    <subfield code="c">Česko</subfield>
    <subfield code="f">Veverská Bítýška, Česko</subfield>
  </datafield>
  <datafield tag="372" ind1=" " ind2=" ">
    <subfield code="a">strojní inženýrství</subfield>
    <subfield code="a">technická diagnostika</subfield>
    <subfield code="a">automobilová diagnostika</subfield>
    <subfield code="a">rozhodčí řízení</subfield>
    <subfield code="a">technické vzdělávání</subfield>
    <subfield code="a">překladatelská činnost</subfield>
    <subfield code="a">odborné překlady</subfield>
  </datafield>
  <datafield tag="374" ind1=" " ind2=" ">
    <subfield code="a">strojní inženýři</subfield>
    <subfield code="a">rozhodci</subfield>
    <subfield code="a">překladatelé</subfield>
    <subfield code="a">lektoři (vzdělávání)</subfield>
  </datafield>
  <datafield tag="375" ind1=" " ind2=" ">
    <subfield code="a">muž</subfield>
  </datafield>
  <datafield tag="377" ind1=" " ind2=" ">
    <subfield code="a">cze</subfield>
    <subfield code="a">fre</subfield>
  </datafield>
  <datafield tag="670" ind1=" " ind2=" ">
    <subfield code="a">JAN, Zdeněk, ŽDÁNSKÝ, Bronislav a JETMAR, Jan. Automobily. (3), Motory. 9. vydání. Brno: Avid, spol. s r.o., 2019</subfield>
    <subfield code="b">autoritní forma</subfield>
  </datafield>
  <datafield tag="670" ind1=" " ind2=" ">
    <subfield code="a">www(Unie pro rozhodčí a mediační řízení ČR), cit. 27. 10. 2020</subfield>
    <subfield code="b">biografické údaje</subfield>
  </datafield>
  <datafield tag="670" ind1=" " ind2=" ">
    <subfield code="a">www(Jan Jetmar. In: LinkedIn), cit. 27. 10. 2020</subfield>
    <subfield code="b">biografick údaje</subfield>
  </datafield>
  <datafield tag="670" ind1=" " ind2=" ">
    <subfield code="a">www(Živnostenský rejstřík), cit. 27. 10. 2020</subfield>
    <subfield code="b">datum narození, biografické údaje</subfield>
  </datafield>
  <datafield tag="678" ind1="0" ind2=" ">
    <subfield code="a">Narozen 28. 2. 1960. Strojní diagnostik, rozhodce. Bývalý manažer technického vzdělávání u automobilek Citroën, Renault a dalších firem. Překladatel technických dokumentů mezi francouzštinou a češtinou.</subfield>
  </datafield>
  <datafield tag="906" ind1=" " ind2=" ">
    <subfield code="a">br20201027</subfield>
    <subfield code="b">beba</subfield>
  </datafield>
</record>