

<record>
  <leader>     nz  a22     n  4500</leader>
  <controlfield tag="001">mzk20201090572</controlfield>
  <controlfield tag="003">CZ PrNK</controlfield>
  <controlfield tag="005">20201029110704.0</controlfield>
  <controlfield tag="008">201027|n|aznnnaabn           n a|a      </controlfield>
  <datafield tag="024" ind1="7" ind2=" ">
    <subfield code="a">0000000072527494</subfield>
    <subfield code="2">isni</subfield>
  </datafield>
  <datafield tag="024" ind1="7" ind2=" ">
    <subfield code="a">0000-0002-0094-6037</subfield>
    <subfield code="2">orcid</subfield>
  </datafield>
  <datafield tag="024" ind1="7" ind2=" ">
    <subfield code="a">Q121186</subfield>
    <subfield code="2">wikidata</subfield>
  </datafield>
  <datafield tag="040" ind1=" " ind2=" ">
    <subfield code="a">BOA001</subfield>
    <subfield code="b">cze</subfield>
    <subfield code="e">rda</subfield>
  </datafield>
  <datafield tag="046" ind1=" " ind2=" ">
    <subfield code="f">1935</subfield>
  </datafield>
  <datafield tag="100" ind1="1" ind2=" ">
    <subfield code="a">Schmitz-Feuerhake, Inge,</subfield>
    <subfield code="d">1935-</subfield>
    <subfield code="7">mzk20201090572</subfield>
  </datafield>
  <datafield tag="370" ind1=" " ind2=" ">
    <subfield code="a">Osnabrück, Německo</subfield>
    <subfield code="c">Německo</subfield>
  </datafield>
  <datafield tag="372" ind1=" " ind2=" ">
    <subfield code="a">experimentální fyzika</subfield>
    <subfield code="a">aplikovaná fyzika</subfield>
    <subfield code="a">matematika</subfield>
    <subfield code="a">nukleární medicína</subfield>
    <subfield code="a">dozimetrie ionizujícího záření</subfield>
    <subfield code="a">radiační ochrana</subfield>
  </datafield>
  <datafield tag="374" ind1=" " ind2=" ">
    <subfield code="a">fyzičky</subfield>
    <subfield code="a">matematičky</subfield>
    <subfield code="a">vysokoškolské učitelky</subfield>
  </datafield>
  <datafield tag="375" ind1=" " ind2=" ">
    <subfield code="a">žena</subfield>
  </datafield>
  <datafield tag="377" ind1=" " ind2=" ">
    <subfield code="a">ger</subfield>
    <subfield code="a">eng</subfield>
  </datafield>
  <datafield tag="400" ind1="1" ind2=" ">
    <subfield code="w">r</subfield>
    <subfield code="i">Jméno za svobodna:</subfield>
    <subfield code="a">Feuerhake, Inge,</subfield>
    <subfield code="d">1935-</subfield>
    <subfield code="0">o</subfield>
  </datafield>
  <datafield tag="400" ind1="1" ind2=" ">
    <subfield code="a">Feuerhake, Inge Schmitz-,</subfield>
    <subfield code="d">1935-</subfield>
    <subfield code="0">o</subfield>
  </datafield>
  <datafield tag="670" ind1=" " ind2=" ">
    <subfield code="a">Bleck-Neuhaus, Jörn - Schmitz-Feuerhake, Inge: Die Wirkung ionisierender Strahlung auf den Menschen, 1979</subfield>
  </datafield>
  <datafield tag="670" ind1=" " ind2=" ">
    <subfield code="a">DNB, cit. 27. 10. 2020</subfield>
    <subfield code="b">autoritní forma, odkazy viz, rok narození</subfield>
  </datafield>
  <datafield tag="670" ind1=" " ind2=" ">
    <subfield code="a">www(Wikipedia, die freie Enzyklopädie), cit. 27. 10. 2020</subfield>
    <subfield code="b">odkaz viz, biografické údaje, místo narození</subfield>
    <subfield code="u">https://de.wikipedia.org/wiki/Inge_Schmitz-Feuerhake</subfield>
  </datafield>
  <datafield tag="678" ind1="0" ind2=" ">
    <subfield code="a">Německá fyzička, matematička a vysokoškolská učitelka, zaměřená na nukleární medicínu, dozimetrii ionizujícího záření a radiační ochranu.</subfield>
  </datafield>
  <datafield tag="906" ind1=" " ind2=" ">
    <subfield code="a">za20201027</subfield>
    <subfield code="b">svobal</subfield>
  </datafield>
  <datafield tag="906" ind1=" " ind2=" ">
    <subfield code="a">ko20201029</subfield>
    <subfield code="b">klosja</subfield>
  </datafield>
</record>