

<record>
  <leader>     nz  a22     n  4500</leader>
  <controlfield tag="001">jo20201090579</controlfield>
  <controlfield tag="003">CZ PrNK</controlfield>
  <controlfield tag="005">20201027110507.0</controlfield>
  <controlfield tag="008">201027|n|aznnnaabn           n a|a      </controlfield>
  <datafield tag="040" ind1=" " ind2=" ">
    <subfield code="a">ABA001</subfield>
    <subfield code="b">cze</subfield>
    <subfield code="e">rda</subfield>
  </datafield>
  <datafield tag="046" ind1=" " ind2=" ">
    <subfield code="f">1899</subfield>
    <subfield code="g">1963</subfield>
  </datafield>
  <datafield tag="100" ind1="1" ind2=" ">
    <subfield code="a">Čáslavka, Alois,</subfield>
    <subfield code="d">1899-1963</subfield>
    <subfield code="7">jo20201090579</subfield>
  </datafield>
  <datafield tag="368" ind1=" " ind2=" ">
    <subfield code="d">plukovník</subfield>
  </datafield>
  <datafield tag="370" ind1=" " ind2=" ">
    <subfield code="a">Česká Skalice, Česko</subfield>
    <subfield code="b">Trenčianské Teplice, Slovensko</subfield>
    <subfield code="c">Česko</subfield>
    <subfield code="c">Slovensko</subfield>
  </datafield>
  <datafield tag="372" ind1=" " ind2=" ">
    <subfield code="a">vojenská rozvědka</subfield>
  </datafield>
  <datafield tag="374" ind1=" " ind2=" ">
    <subfield code="a">vojáci</subfield>
    <subfield code="a">vojenští diplomaté</subfield>
  </datafield>
  <datafield tag="375" ind1=" " ind2=" ">
    <subfield code="a">muž</subfield>
  </datafield>
  <datafield tag="670" ind1=" " ind2=" ">
    <subfield code="a">Staňková, Klára: Plukovník Alois Čáslavka :zpravodajský důstojník a vojenský diplomat, 2020</subfield>
    <subfield code="b">autoritní forma</subfield>
  </datafield>
  <datafield tag="670" ind1=" " ind2=" ">
    <subfield code="a">www(Wikipedie, otevřená encyklopedie), cit. 27. 10. 2020</subfield>
    <subfield code="b">data, biografické údaje</subfield>
    <subfield code="u">https://cs.wikipedia.org/wiki/Alois_Čáslavka</subfield>
  </datafield>
  <datafield tag="678" ind1="0" ind2=" ">
    <subfield code="a">Narozen 9. 9. 1899 v České Skalici, zemřel 26. 5. 1963 v Trenčianských Teplicích (Slovensko). Zpravodajský důstojník a vojenský diplomat.</subfield>
  </datafield>
  <datafield tag="906" ind1=" " ind2=" ">
    <subfield code="a">br20201027</subfield>
    <subfield code="b">tone</subfield>
  </datafield>
</record>