

<record>
  <leader>     cz  a22     n  4500</leader>
  <controlfield tag="001">xx0253303</controlfield>
  <controlfield tag="003">CZ PrNK</controlfield>
  <controlfield tag="005">20201029074542.0</controlfield>
  <controlfield tag="008">201027|n|aznnnaabn           n a|a      </controlfield>
  <datafield tag="040" ind1=" " ind2=" ">
    <subfield code="a">ABA008</subfield>
    <subfield code="b">cze</subfield>
    <subfield code="d">ABA001</subfield>
    <subfield code="e">rda</subfield>
  </datafield>
  <datafield tag="046" ind1=" " ind2=" ">
    <subfield code="f">1943</subfield>
    <subfield code="g">2003</subfield>
  </datafield>
  <datafield tag="100" ind1="1" ind2=" ">
    <subfield code="a">Wood, Richard F. M.,</subfield>
    <subfield code="d">1943-2003</subfield>
    <subfield code="7">xx0253303</subfield>
  </datafield>
  <datafield tag="368" ind1=" " ind2=" ">
    <subfield code="d">MB ChB</subfield>
    <subfield code="s">1967</subfield>
  </datafield>
  <datafield tag="368" ind1=" " ind2=" ">
    <subfield code="d">MD</subfield>
    <subfield code="s">1976</subfield>
  </datafield>
  <datafield tag="370" ind1=" " ind2=" ">
    <subfield code="c">Velká Británie</subfield>
  </datafield>
  <datafield tag="372" ind1=" " ind2=" ">
    <subfield code="a">lékařství</subfield>
    <subfield code="a">chirurgie</subfield>
    <subfield code="a">transplantologie</subfield>
    <subfield code="a">cévní chirurgie</subfield>
  </datafield>
  <datafield tag="374" ind1=" " ind2=" ">
    <subfield code="a">lékaři</subfield>
    <subfield code="a">chirurgové</subfield>
    <subfield code="a">transplantologové</subfield>
  </datafield>
  <datafield tag="375" ind1=" " ind2=" ">
    <subfield code="a">muž</subfield>
  </datafield>
  <datafield tag="377" ind1=" " ind2=" ">
    <subfield code="a">eng</subfield>
  </datafield>
  <datafield tag="400" ind1="1" ind2=" ">
    <subfield code="a">Wood, R. F. M.</subfield>
    <subfield code="q">(Richard F. M.),</subfield>
    <subfield code="d">1943-2003</subfield>
    <subfield code="0">o</subfield>
  </datafield>
  <datafield tag="400" ind1="1" ind2=" ">
    <subfield code="a">Wood, Richard Frederick Marshall,</subfield>
    <subfield code="d">1943-2003</subfield>
    <subfield code="0">o</subfield>
  </datafield>
  <datafield tag="670" ind1=" " ind2=" ">
    <subfield code="a">Wood, Richard F. M.: Renal transplantation, 1983</subfield>
  </datafield>
  <datafield tag="670" ind1=" " ind2=" ">
    <subfield code="a">LC (Names), cit. 29. 10. 2020</subfield>
    <subfield code="b">autoritní forma, odkaz viz, datum narození</subfield>
  </datafield>
  <datafield tag="670" ind1=" " ind2=" ">
    <subfield code="a">www(Royal College of Physicians - Plarr’s Lives of the Fellows), cit. 27. 10. 2020</subfield>
    <subfield code="b">rok narození a úmrtí, biografické údaje, profesní data, úplná forma jména</subfield>
  </datafield>
  <datafield tag="678" ind1="0" ind2=" ">
    <subfield code="a">Lékař, univerzitní pedagog; chirurg, zabýval se též cévní chirurgií a výzkumem transplantací ledvin.</subfield>
  </datafield>
  <datafield tag="906" ind1=" " ind2=" ">
    <subfield code="a">za20201027</subfield>
    <subfield code="b">xlufr</subfield>
  </datafield>
  <datafield tag="906" ind1=" " ind2=" ">
    <subfield code="a">op20201029</subfield>
    <subfield code="b">lisi</subfield>
    <subfield code="c">Viz - oprava jména, zdroj - aktualizace</subfield>
  </datafield>
</record>