

<record>
  <leader>     nz  a22     n  4500</leader>
  <controlfield tag="001">ko20201090595</controlfield>
  <controlfield tag="003">CZ PrNK</controlfield>
  <controlfield tag="005">20201027123525.0</controlfield>
  <controlfield tag="008">201027|n|aznnnaabn           n a|a      </controlfield>
  <datafield tag="040" ind1=" " ind2=" ">
    <subfield code="a">ABA001</subfield>
    <subfield code="b">cze</subfield>
    <subfield code="d">ABA001</subfield>
    <subfield code="e">rda</subfield>
  </datafield>
  <datafield tag="111" ind1="2" ind2=" ">
    <subfield code="a">Międzynarodowa Konferencja Naukowa z cyklu "Człowiek, Wiara, Kultura"</subfield>
    <subfield code="n">(4. :</subfield>
    <subfield code="d">2017 :</subfield>
    <subfield code="c">Čenstochová, Polsko)</subfield>
    <subfield code="7">ko20201090595</subfield>
  </datafield>
  <datafield tag="368" ind1=" " ind2=" ">
    <subfield code="a">konference</subfield>
    <subfield code="a">mezinárodní konference</subfield>
  </datafield>
  <datafield tag="370" ind1=" " ind2=" ">
    <subfield code="c">Polsko</subfield>
    <subfield code="e">Čenstochová, Polsko</subfield>
  </datafield>
  <datafield tag="372" ind1=" " ind2=" ">
    <subfield code="a">náboženství a společnost</subfield>
    <subfield code="a">křesťanství a společnost</subfield>
    <subfield code="a">spravedlnost</subfield>
    <subfield code="a">svoboda</subfield>
    <subfield code="a">revoluce</subfield>
  </datafield>
  <datafield tag="377" ind1=" " ind2=" ">
    <subfield code="a">pol</subfield>
    <subfield code="a">rus</subfield>
    <subfield code="a">eng</subfield>
  </datafield>
  <datafield tag="411" ind1="2" ind2=" ">
    <subfield code="a">Konferencja "O wolność i sprawiedliwość... Chrześcijańska Europa - między wiarą i rewolucją"</subfield>
    <subfield code="d">(2017 :</subfield>
    <subfield code="c">Čenstochová, Polsko)</subfield>
    <subfield code="0">o</subfield>
  </datafield>
  <datafield tag="411" ind1="2" ind2=" ">
    <subfield code="a">O wolność i sprawiedliwość... Chrześcijańska Europa - między wiarą i rewolucją (konference)</subfield>
    <subfield code="d">(2017 :</subfield>
    <subfield code="c">Čenstochová, Polsko)</subfield>
    <subfield code="0">o</subfield>
  </datafield>
  <datafield tag="670" ind1=" " ind2=" ">
    <subfield code="a">O wolność i sprawiedliwość : chrześcijańska Europa między wiarą i rewolucją</subfield>
    <subfield code="b">odkaz viz</subfield>
  </datafield>
  <datafield tag="670" ind1=" " ind2=" ">
    <subfield code="a">PLWABN, cit. 27.10.2020</subfield>
    <subfield code="b">autoritní forma; odkazy viz</subfield>
  </datafield>
  <datafield tag="670" ind1=" " ind2=" ">
    <subfield code="a">www(Kierunek Filologia rosyjska Wydział Humanistyczny UŚ), cit. 27.10.2020</subfield>
    <subfield code="b">autoritní forma; odkazy viz</subfield>
  </datafield>
  <datafield tag="675" ind1=" " ind2=" ">
    <subfield code="a">LC (Names), cit. 27.10.2020</subfield>
  </datafield>
  <datafield tag="680" ind1=" " ind2=" ">
    <subfield code="i">Toto záhlaví se používá pouze při monografickém zpracování publikace.</subfield>
  </datafield>
  <datafield tag="906" ind1=" " ind2=" ">
    <subfield code="a">za20201027</subfield>
    <subfield code="b">klou</subfield>
  </datafield>
  <datafield tag="906" ind1=" " ind2=" ">
    <subfield code="a">vr20201027</subfield>
    <subfield code="b">svsv</subfield>
  </datafield>
</record>