

<record>
  <leader>     cz  a22     n  4500</leader>
  <controlfield tag="001">mub20201090601</controlfield>
  <controlfield tag="003">CZ PrNK</controlfield>
  <controlfield tag="005">20201029105908.0</controlfield>
  <controlfield tag="008">201027|n|aznnnaabn           n a|a      </controlfield>
  <datafield tag="040" ind1=" " ind2=" ">
    <subfield code="a">BOD022</subfield>
    <subfield code="b">cze</subfield>
    <subfield code="d">ABA001</subfield>
    <subfield code="e">rda</subfield>
  </datafield>
  <datafield tag="046" ind1=" " ind2=" ">
    <subfield code="f">1947</subfield>
  </datafield>
  <datafield tag="100" ind1="1" ind2=" ">
    <subfield code="a">Vaughn, William R.,</subfield>
    <subfield code="d">1947-</subfield>
    <subfield code="7">mub20201090601</subfield>
  </datafield>
  <datafield tag="MOR" ind1="0" ind2=" ">
    <subfield code="a">Vaughn, William R.,</subfield>
    <subfield code="d">1947-2001</subfield>
    <subfield code="7">mub20201090601</subfield>
  </datafield>
  <datafield tag="370" ind1=" " ind2=" ">
    <subfield code="c">Spojené státy americké</subfield>
  </datafield>
  <datafield tag="372" ind1=" " ind2=" ">
    <subfield code="a">informatika</subfield>
    <subfield code="a">databázové systémy</subfield>
    <subfield code="a">programování</subfield>
    <subfield code="a">literární tvorba</subfield>
  </datafield>
  <datafield tag="374" ind1=" " ind2=" ">
    <subfield code="a">informatici</subfield>
    <subfield code="a">spisovatelé</subfield>
  </datafield>
  <datafield tag="375" ind1=" " ind2=" ">
    <subfield code="a">muž</subfield>
  </datafield>
  <datafield tag="377" ind1=" " ind2=" ">
    <subfield code="a">eng</subfield>
    <subfield code="a">spa</subfield>
  </datafield>
  <datafield tag="670" ind1=" " ind2=" ">
    <subfield code="a">Vaughn, William R.: Hitchhiker's guide to visual basic &amp; SQL server, 1997</subfield>
  </datafield>
  <datafield tag="670" ind1=" " ind2=" ">
    <subfield code="a">LC (Names), cit. 27. 10. 2020</subfield>
    <subfield code="b">autoritní forma, datum narození</subfield>
  </datafield>
  <datafield tag="670" ind1=" " ind2=" ">
    <subfield code="a">www(Microsoft), cit. 27. 10. 2020</subfield>
    <subfield code="b">profesní údaje</subfield>
    <subfield code="u">https://mvp.microsoft.com/en-us/PublicProfile/7840?fullName=William R. Vaughn</subfield>
  </datafield>
  <datafield tag="678" ind1="0" ind2=" ">
    <subfield code="a">Americký informatik, konzultant a lektor společnosti Microsoft, také spisovatel, autor románů.</subfield>
  </datafield>
  <datafield tag="906" ind1=" " ind2=" ">
    <subfield code="a">za20201027</subfield>
    <subfield code="b">fuksovax</subfield>
  </datafield>
  <datafield tag="906" ind1=" " ind2=" ">
    <subfield code="a">ko20201028</subfield>
    <subfield code="b">pospel</subfield>
    <subfield code="c">Záhlaví - datum úmrtí</subfield>
  </datafield>
  <datafield tag="906" ind1=" " ind2=" ">
    <subfield code="a">oz20201028</subfield>
    <subfield code="b">pospel</subfield>
    <subfield code="c">Záhlaví - datum úmrtí</subfield>
  </datafield>
  <datafield tag="906" ind1=" " ind2=" ">
    <subfield code="a">oz20201029</subfield>
    <subfield code="b">maku</subfield>
    <subfield code="c">Záhlaví - datum úmrtí - odstraněno, zdroj - odstraněn, biografická poznámka, 372, 374 - doplnění</subfield>
  </datafield>
</record>