

<record>
  <leader>     nz  a22     n  4500</leader>
  <controlfield tag="001">jo20201090602</controlfield>
  <controlfield tag="003">CZ PrNK</controlfield>
  <controlfield tag="005">20201027125823.0</controlfield>
  <controlfield tag="008">201027|n|aznnnaabn           n a|a      </controlfield>
  <datafield tag="024" ind1="7" ind2=" ">
    <subfield code="a">0000000081028013</subfield>
    <subfield code="2">isni</subfield>
  </datafield>
  <datafield tag="040" ind1=" " ind2=" ">
    <subfield code="a">ABA001</subfield>
    <subfield code="b">cze</subfield>
    <subfield code="e">rda</subfield>
  </datafield>
  <datafield tag="046" ind1=" " ind2=" ">
    <subfield code="f">1784</subfield>
    <subfield code="g">1833</subfield>
  </datafield>
  <datafield tag="100" ind1="1" ind2=" ">
    <subfield code="a">Carême, Marie-Antoine,</subfield>
    <subfield code="d">1784-1833</subfield>
    <subfield code="7">jo20201090602</subfield>
  </datafield>
  <datafield tag="370" ind1=" " ind2=" ">
    <subfield code="c">Francie</subfield>
  </datafield>
  <datafield tag="372" ind1=" " ind2=" ">
    <subfield code="a">gastronomie</subfield>
    <subfield code="a">kuchařství</subfield>
    <subfield code="a">cukrářství</subfield>
    <subfield code="a">výtvarné umění</subfield>
  </datafield>
  <datafield tag="374" ind1=" " ind2=" ">
    <subfield code="a">šéfkuchaři</subfield>
    <subfield code="a">cukráři</subfield>
    <subfield code="a">designéři</subfield>
    <subfield code="a">ilustrátoři</subfield>
    <subfield code="a">rytci</subfield>
  </datafield>
  <datafield tag="375" ind1=" " ind2=" ">
    <subfield code="a">muž</subfield>
  </datafield>
  <datafield tag="377" ind1=" " ind2=" ">
    <subfield code="a">fre</subfield>
  </datafield>
  <datafield tag="400" ind1="1" ind2=" ">
    <subfield code="a">Carême, Marie-Antonin,</subfield>
    <subfield code="d">1784-1833</subfield>
    <subfield code="0">o</subfield>
  </datafield>
  <datafield tag="400" ind1="1" ind2=" ">
    <subfield code="a">Carême, Antonin,</subfield>
    <subfield code="d">1784-1833</subfield>
    <subfield code="0">o</subfield>
  </datafield>
  <datafield tag="400" ind1="1" ind2=" ">
    <subfield code="a">Carême, Antoine,</subfield>
    <subfield code="d">1784-1833</subfield>
    <subfield code="0">o</subfield>
  </datafield>
  <datafield tag="670" ind1=" " ind2=" ">
    <subfield code="a">Carême, Marie-Antoine. L'art de la cuisine française au XIXe siècle: traité élémentaire et pratique: des bouillons en gras et en maigre, des essences, fumets, des potages français et étrangers, des grosses pièces de poisson, des grandes et petites sauces, des ragoûts et des garnitures, des grosses pièces de boucherie, de jambon, de volaille, et de gibier, etc. [Chartres]: Menu Fretin, éditeur de la gastronomie, [2015]. Archives nutritives</subfield>
  </datafield>
  <datafield tag="670" ind1=" " ind2=" ">
    <subfield code="a">www(Wikipédia, l'encyclopédie libre), cit. 27. 10. 2020</subfield>
    <subfield code="b">biografické údaje</subfield>
    <subfield code="u">https://fr.wikipedia.org/wiki/Marie-Antoine_Carême</subfield>
  </datafield>
  <datafield tag="670" ind1=" " ind2=" ">
    <subfield code="a">BNF, cit. 27. 10. 2020</subfield>
    <subfield code="b">autoritní forma, data, biografické údaje, odkazy viz</subfield>
  </datafield>
  <datafield tag="678" ind1="0" ind2=" ">
    <subfield code="a">Francouzský šéfkuchař, cukrář, designér, ilustrátor a rytec.</subfield>
  </datafield>
  <datafield tag="906" ind1=" " ind2=" ">
    <subfield code="a">br20201027</subfield>
    <subfield code="b">beba</subfield>
  </datafield>
</record>