

<record>
  <leader>     nz  a22     n  4500</leader>
  <controlfield tag="001">ko20201090612</controlfield>
  <controlfield tag="003">CZ PrNK</controlfield>
  <controlfield tag="005">20201027133336.0</controlfield>
  <controlfield tag="008">201027|n|aznnnaabn           n a|a      </controlfield>
  <datafield tag="040" ind1=" " ind2=" ">
    <subfield code="a">ABA001</subfield>
    <subfield code="b">cze</subfield>
    <subfield code="e">rda</subfield>
  </datafield>
  <datafield tag="110" ind1="2" ind2=" ">
    <subfield code="a">Československá obec sokolská.</subfield>
    <subfield code="b">Župa Východočeská-Pippichova.</subfield>
    <subfield code="b">Okrsek, III.</subfield>
    <subfield code="7">ko20201090612</subfield>
  </datafield>
  <datafield tag="368" ind1=" " ind2=" ">
    <subfield code="a">tělovýchovné organizace</subfield>
    <subfield code="a">sportovní organizace</subfield>
  </datafield>
  <datafield tag="370" ind1=" " ind2=" ">
    <subfield code="c">Česko</subfield>
    <subfield code="e">Česká Třebová, Česko</subfield>
    <subfield code="f">Československo</subfield>
  </datafield>
  <datafield tag="372" ind1=" " ind2=" ">
    <subfield code="a">tělovýchova</subfield>
    <subfield code="a">sport</subfield>
  </datafield>
  <datafield tag="377" ind1=" " ind2=" ">
    <subfield code="a">cze</subfield>
  </datafield>
  <datafield tag="410" ind1="2" ind2=" ">
    <subfield code="a">Československá obec sokolská.</subfield>
    <subfield code="b">Župa Východočeská-Pippichova.</subfield>
    <subfield code="b">III. okrsek</subfield>
    <subfield code="0">o</subfield>
  </datafield>
  <datafield tag="410" ind1="2" ind2=" ">
    <subfield code="a">Československá obec sokolská.</subfield>
    <subfield code="b">Župa Východočeská-Pippichova.</subfield>
    <subfield code="b">Třetí okrsek</subfield>
    <subfield code="0">o</subfield>
  </datafield>
  <datafield tag="410" ind1="2" ind2=" ">
    <subfield code="a">Československá obec sokolská.</subfield>
    <subfield code="b">Župa Východočeská-Pippichova.</subfield>
    <subfield code="b">3. okrsek</subfield>
    <subfield code="0">o</subfield>
  </datafield>
  <datafield tag="410" ind1="2" ind2=" ">
    <subfield code="a">III. okrsek východočeské sokolské župy Pippichovy</subfield>
    <subfield code="0">o</subfield>
  </datafield>
  <datafield tag="410" ind1="2" ind2=" ">
    <subfield code="a">3. okrsek východočeské sokolské župy Pippichovy</subfield>
    <subfield code="0">o</subfield>
  </datafield>
  <datafield tag="410" ind1="2" ind2=" ">
    <subfield code="a">Třetí okrsek východočeské sokolské župy Pippichovy</subfield>
    <subfield code="0">o</subfield>
  </datafield>
  <datafield tag="670" ind1=" " ind2=" ">
    <subfield code="a">Hubálek, M.: Slet III. okrsku východočeské sokolské župy Pippichovy dne 3. srpna 1930 v České Třebové</subfield>
  </datafield>
  <datafield tag="906" ind1=" " ind2=" ">
    <subfield code="a">br20201027</subfield>
    <subfield code="b">svsv</subfield>
  </datafield>
</record>