

<record>
  <leader>     nz  a22     n  4500</leader>
  <datafield tag="900" ind1=" " ind2=" ">
    <subfield code="a">J-NÁVRH-STT</subfield>
  </datafield>
  <controlfield tag="001">ntk20201090627</controlfield>
  <controlfield tag="003">CZ PrNK</controlfield>
  <controlfield tag="005">20201027150600.0</controlfield>
  <controlfield tag="008">201027|n|aznnnaabn           n a|a      </controlfield>
  <datafield tag="024" ind1="7" ind2=" ">
    <subfield code="a">0000000108050860</subfield>
    <subfield code="2">isni</subfield>
  </datafield>
  <datafield tag="024" ind1="7" ind2=" ">
    <subfield code="a">Q603103</subfield>
    <subfield code="2">wikidata</subfield>
  </datafield>
  <datafield tag="040" ind1=" " ind2=" ">
    <subfield code="a">ABA013</subfield>
    <subfield code="b">cze</subfield>
    <subfield code="e">rda</subfield>
  </datafield>
  <datafield tag="046" ind1=" " ind2=" ">
    <subfield code="f">1633</subfield>
    <subfield code="g">1714</subfield>
  </datafield>
  <datafield tag="100" ind1="1" ind2=" ">
    <subfield code="a">Magliabechi, Antonio,</subfield>
    <subfield code="d">1633-1714</subfield>
    <subfield code="7">ntk20201090627</subfield>
  </datafield>
  <datafield tag="370" ind1=" " ind2=" ">
    <subfield code="a">Florencie, Itálie</subfield>
    <subfield code="b">Florencie, Itálie</subfield>
    <subfield code="c">Itálie</subfield>
    <subfield code="f">Florencie, Itálie</subfield>
  </datafield>
  <datafield tag="372" ind1=" " ind2=" ">
    <subfield code="a">knihovnictví</subfield>
    <subfield code="a">vzácné knihy</subfield>
    <subfield code="a">bibliofilie</subfield>
    <subfield code="a">bibliofilství</subfield>
    <subfield code="a">bibliografie</subfield>
    <subfield code="a">knižní kultura</subfield>
    <subfield code="a">učené společnosti</subfield>
  </datafield>
  <datafield tag="373" ind1=" " ind2=" ">
    <subfield code="a">Biblioteca palatina di Parma</subfield>
    <subfield code="a">Accademia degli Arcadi</subfield>
  </datafield>
  <datafield tag="374" ind1=" " ind2=" ">
    <subfield code="a">knihovníci</subfield>
    <subfield code="a">bibliofilové</subfield>
    <subfield code="a">bibliografové</subfield>
    <subfield code="a">poradci</subfield>
  </datafield>
  <datafield tag="375" ind1=" " ind2=" ">
    <subfield code="a">muž</subfield>
  </datafield>
  <datafield tag="377" ind1=" " ind2=" ">
    <subfield code="a">ita</subfield>
    <subfield code="a">lat</subfield>
  </datafield>
  <datafield tag="400" ind1="1" ind2=" ">
    <subfield code="a">Magliabéchi, Antonio,</subfield>
    <subfield code="d">1633-1714</subfield>
    <subfield code="0">o</subfield>
  </datafield>
  <datafield tag="400" ind1="1" ind2=" ">
    <subfield code="a">Magliabecchi, Antonio,</subfield>
    <subfield code="d">1633-1714</subfield>
    <subfield code="0">o</subfield>
  </datafield>
  <datafield tag="400" ind1="1" ind2=" ">
    <subfield code="a">Magliabecus, Antonius,</subfield>
    <subfield code="d">1633-1714</subfield>
    <subfield code="0">o</subfield>
  </datafield>
  <datafield tag="400" ind1="1" ind2=" ">
    <subfield code="a">Magliabequius, Antonius,</subfield>
    <subfield code="d">1633-1714</subfield>
    <subfield code="0">o</subfield>
  </datafield>
  <datafield tag="400" ind1="1" ind2=" ">
    <subfield code="a">Magliabechius, Antonius,</subfield>
    <subfield code="d">1633-1714</subfield>
    <subfield code="0">o</subfield>
  </datafield>
  <datafield tag="400" ind1="1" ind2=" ">
    <subfield code="a">Magliabechus, Antonius,</subfield>
    <subfield code="d">1633-1714</subfield>
    <subfield code="0">o</subfield>
  </datafield>
  <datafield tag="400" ind1="1" ind2=" ">
    <subfield code="a">Megliabechius, Antonius,</subfield>
    <subfield code="d">1633-1714</subfield>
    <subfield code="0">o</subfield>
  </datafield>
  <datafield tag="400" ind1="1" ind2=" ">
    <subfield code="a">Magliabechi, ...,</subfield>
    <subfield code="d">1633-1714</subfield>
    <subfield code="0">o</subfield>
  </datafield>
  <datafield tag="400" ind1="1" ind2=" ">
    <subfield code="w">r</subfield>
    <subfield code="i">Pseudonym:</subfield>
    <subfield code="a">Sincerus, Hieronymus,</subfield>
    <subfield code="d">1633-1714</subfield>
    <subfield code="0">o</subfield>
  </datafield>
  <datafield tag="667" ind1=" " ind2=" ">
    <subfield code="a">https://opac.sbn.it/opacsbn/opac/iccu/scheda_authority.jsp?bid=IT\ICCU\LO1V\032988. http://d-nb.info/gnd/118998838.</subfield>
  </datafield>
  <datafield tag="670" ind1=" " ind2=" ">
    <subfield code="a">COLLEGIUM EXPERIMENTALE, Sive CURIOSUM: In quo Primaria hujus Seculi Inventa &amp; Experimenta Physico-Mathematica, ... JOHANNES CHRISTOPHORUS STURMIUS, ... NORIMBERGÆ Sumtibus WOLFGANGI MAURITII ENDTERI, &amp; JOHANNIS ANDREÆ ENDTERI HÆEREDUM, 1676. [Dedikace]: VIRO CLARISSIMO ANTONIO MAGLIABECHIO ...</subfield>
    <subfield code="u">http://digital.slub-dresden.de/ppn271502983</subfield>
  </datafield>
  <datafield tag="670" ind1=" " ind2=" ">
    <subfield code="a">ICCU, cit. 27. 10. 2020</subfield>
    <subfield code="b">autoritní forma (rejstříkové záhlaví, IT\ICCU\LO1V\032988), datum narození a úmrtí</subfield>
    <subfield code="u">https://opac.sbn.it/opacsbn/opac/iccu/scheda_authority.jsp?bid=IT\ICCU\LO1V\032988</subfield>
  </datafield>
  <datafield tag="670" ind1=" " ind2=" ">
    <subfield code="a">DNB, cit. 27. 10. 2020</subfield>
    <subfield code="b">odkazy viz</subfield>
    <subfield code="u">http://d-nb.info/gnd/118998838</subfield>
  </datafield>
  <datafield tag="670" ind1=" " ind2=" ">
    <subfield code="a">www(Treccani, enciclopedia on line, Magliabéchi, Antonio), cit. 27. 10. 2020</subfield>
    <subfield code="b">odkaz viz, místo narození a úmrtí a místo činnosti</subfield>
    <subfield code="u">https://www.treccani.it/enciclopedia/antonio-magliabechi</subfield>
  </datafield>
  <datafield tag="670" ind1=" " ind2=" ">
    <subfield code="a">www(Wikipedia, L'enciclopedia libera), cit. 27. 10. 2020</subfield>
    <subfield code="b">biografické a profesní údaje, národnost</subfield>
    <subfield code="u">https://it.wikipedia.org/wiki/Antonio_Magliabechi</subfield>
  </datafield>
  <datafield tag="678" ind1="0" ind2=" ">
    <subfield code="a">Italský učenec, knihovník, bibliofil a bibliograf. Celý profesní život strávil v „Biblioteca Palatina“ (Reale biblioteca di Parma, založena 1762), jejíž vedení mu svěřil Cosimo III., Medicejský, toskánský velkovévoda (1642-1723). Jeho osobní knihovna „Magliabechiana“ tvoří dnes část historického fondu Národní knihovny ve Florencii. Byl členem „Accademia dell'Arcadia“. V knihách 17. století bývá uváděn také jako dedikant.</subfield>
  </datafield>
  <datafield tag="906" ind1=" " ind2=" ">
    <subfield code="a">za20201027</subfield>
    <subfield code="b">evbr</subfield>
  </datafield>
  <datafield tag="906" ind1=" " ind2=" ">
    <subfield code="a">ko20201027</subfield>
    <subfield code="b">evbr</subfield>
  </datafield>
</record>