

<record>
  <leader>     cz  a22     n  4500</leader>
  <controlfield tag="001">xx0253314</controlfield>
  <controlfield tag="003">CZ PrNK</controlfield>
  <controlfield tag="005">20201029173559.0</controlfield>
  <controlfield tag="008">201027|n|aznnnaabn           n a|a      </controlfield>
  <datafield tag="040" ind1=" " ind2=" ">
    <subfield code="a">OLD012</subfield>
    <subfield code="b">cze</subfield>
    <subfield code="d">ABA001</subfield>
    <subfield code="e">rda</subfield>
  </datafield>
  <datafield tag="046" ind1=" " ind2=" ">
    <subfield code="f">1950</subfield>
  </datafield>
  <datafield tag="100" ind1="1" ind2=" ">
    <subfield code="a">Koriath, Dorothee,</subfield>
    <subfield code="d">1950-</subfield>
    <subfield code="7">xx0253314</subfield>
  </datafield>
  <datafield tag="370" ind1=" " ind2=" ">
    <subfield code="c">Německo</subfield>
  </datafield>
  <datafield tag="372" ind1=" " ind2=" ">
    <subfield code="a">překlady z maďarštiny</subfield>
    <subfield code="a">překlady do němčiny</subfield>
    <subfield code="a">maďarská literatura</subfield>
    <subfield code="a">literární kritika</subfield>
    <subfield code="a">poezie</subfield>
    <subfield code="a">fotografování</subfield>
  </datafield>
  <datafield tag="374" ind1=" " ind2=" ">
    <subfield code="a">překladatelky</subfield>
    <subfield code="a">literární kritičky</subfield>
    <subfield code="a">básnířky</subfield>
    <subfield code="a">fotografky</subfield>
  </datafield>
  <datafield tag="375" ind1=" " ind2=" ">
    <subfield code="a">žena</subfield>
  </datafield>
  <datafield tag="377" ind1=" " ind2=" ">
    <subfield code="a">ger</subfield>
    <subfield code="a">hun</subfield>
  </datafield>
  <datafield tag="400" ind1="1" ind2=" ">
    <subfield code="a">Koriath, Dorothea,</subfield>
    <subfield code="d">1950-</subfield>
    <subfield code="0">o</subfield>
  </datafield>
  <datafield tag="670" ind1=" " ind2=" ">
    <subfield code="a">Kurucz, Gyula (ed.): Wo die Katzen leben: ein ungarisches Lesebuch (Übersetzung: Jörg Buschmann, Dorothee Koriath, Hans Sirecki), 1986</subfield>
    <subfield code="b">autoritní forma</subfield>
  </datafield>
  <datafield tag="670" ind1=" " ind2=" ">
    <subfield code="a">www(Epubli), cit. 26. 10. 2020</subfield>
    <subfield code="b">datum narození, odkaz viz, biografické údaje</subfield>
  </datafield>
  <datafield tag="675" ind1=" " ind2=" ">
    <subfield code="a">DNB, cit. 26. 10. 2020</subfield>
  </datafield>
  <datafield tag="678" ind1="0" ind2=" ">
    <subfield code="a">Německá překladatelka z maďarštiny, recenzentka maďarské literatury, básnířka a fotografka.</subfield>
  </datafield>
  <datafield tag="906" ind1=" " ind2=" ">
    <subfield code="a">za20201027</subfield>
    <subfield code="b">xletr</subfield>
  </datafield>
  <datafield tag="906" ind1=" " ind2=" ">
    <subfield code="a">op20201029</subfield>
    <subfield code="b">beba</subfield>
    <subfield code="c">374a formální oprava</subfield>
  </datafield>
</record>