

<record>
  <leader>     cz  a22     n  4500</leader>
  <controlfield tag="001">xx0253317</controlfield>
  <controlfield tag="003">CZ PrNK</controlfield>
  <controlfield tag="005">20201029232403.0</controlfield>
  <controlfield tag="008">201027|n|aznnnaabn           n a|a      </controlfield>
  <datafield tag="040" ind1=" " ind2=" ">
    <subfield code="a">OLD012</subfield>
    <subfield code="b">cze</subfield>
    <subfield code="d">ABA001</subfield>
    <subfield code="e">rda</subfield>
  </datafield>
  <datafield tag="046" ind1=" " ind2=" ">
    <subfield code="f">1948</subfield>
  </datafield>
  <datafield tag="100" ind1="1" ind2=" ">
    <subfield code="a">Lenoir, Timothy,</subfield>
    <subfield code="d">1948-</subfield>
    <subfield code="7">xx0253317</subfield>
  </datafield>
  <datafield tag="370" ind1=" " ind2=" ">
    <subfield code="c">Spojené státy americké</subfield>
  </datafield>
  <datafield tag="372" ind1=" " ind2=" ">
    <subfield code="a">dějiny lékařství</subfield>
    <subfield code="a">lékařství</subfield>
    <subfield code="a">biomedicína</subfield>
    <subfield code="a">bioinformatika</subfield>
    <subfield code="a">výpočetní technika</subfield>
    <subfield code="a">počítačová grafika</subfield>
    <subfield code="a">virtuální realita</subfield>
  </datafield>
  <datafield tag="374" ind1=" " ind2=" ">
    <subfield code="a">historici</subfield>
    <subfield code="a">vysokoškolští učitelé</subfield>
  </datafield>
  <datafield tag="375" ind1=" " ind2=" ">
    <subfield code="a">muž</subfield>
  </datafield>
  <datafield tag="377" ind1=" " ind2=" ">
    <subfield code="a">eng</subfield>
  </datafield>
  <datafield tag="670" ind1=" " ind2=" ">
    <subfield code="a">Lenoir, Timothy (ed.): Inscribing science: scientific texts and the materiality of communication, 1998</subfield>
  </datafield>
  <datafield tag="670" ind1=" " ind2=" ">
    <subfield code="a">LC (Names), cit. 26. 10. 2020</subfield>
    <subfield code="b">autoritní forma, datum narození</subfield>
  </datafield>
  <datafield tag="670" ind1=" " ind2=" ">
    <subfield code="a">www(Stanford University - The Program in History and Philosophy of Science), cit. 26. 10. 2020</subfield>
    <subfield code="b">biografické údaje</subfield>
  </datafield>
  <datafield tag="678" ind1="0" ind2=" ">
    <subfield code="a">Americký historik a vysokoškolský pedagog zaměřený na zavádění počítačů do biomedicínského výzkumu v 60. až 90. letech 20. století, zejména na vývoj počítačové grafiky, lékařských vizualizačních technologií, vývoj virtuální reality a její aplikaci v chirurgii.</subfield>
  </datafield>
  <datafield tag="906" ind1=" " ind2=" ">
    <subfield code="a">za20201027</subfield>
    <subfield code="b">xletr</subfield>
  </datafield>
  <datafield tag="906" ind1=" " ind2=" ">
    <subfield code="a">op20201029</subfield>
    <subfield code="b">beba</subfield>
    <subfield code="c">372a další výskyt; 678 formální oprava</subfield>
  </datafield>
</record>