

<record>
  <leader>     nz  a22     n  4500</leader>
  <datafield tag="900" ind1=" " ind2=" ">
    <subfield code="a">J-NÁVRH-S</subfield>
  </datafield>
  <controlfield tag="001">js20201090656</controlfield>
  <controlfield tag="003">CZ PrNK</controlfield>
  <controlfield tag="005">20201027171426.0</controlfield>
  <controlfield tag="008">201027|n|aznnnaabn           n a|a      </controlfield>
  <datafield tag="040" ind1=" " ind2=" ">
    <subfield code="a">ABA004</subfield>
    <subfield code="b">cze</subfield>
    <subfield code="e">rda</subfield>
  </datafield>
  <datafield tag="046" ind1=" " ind2=" ">
    <subfield code="f">1889</subfield>
    <subfield code="g">1976</subfield>
  </datafield>
  <datafield tag="100" ind1="1" ind2=" ">
    <subfield code="a">Bokšaj, Emìlìjan,</subfield>
    <subfield code="d">1889-1976</subfield>
    <subfield code="7">js20201090656</subfield>
  </datafield>
  <datafield tag="370" ind1=" " ind2=" ">
    <subfield code="c">Ukrajina</subfield>
  </datafield>
  <datafield tag="372" ind1=" " ind2=" ">
    <subfield code="a">žurnalistika</subfield>
    <subfield code="a">vydavatelská činnost</subfield>
    <subfield code="a">katecheze</subfield>
    <subfield code="a">řeckokatolické církve</subfield>
  </datafield>
  <datafield tag="374" ind1=" " ind2=" ">
    <subfield code="a">novináři</subfield>
    <subfield code="a">nakladatelé a vydavatelé</subfield>
    <subfield code="a">řeckokatoličtí kněží</subfield>
    <subfield code="a">katecheti</subfield>
  </datafield>
  <datafield tag="375" ind1=" " ind2=" ">
    <subfield code="a">muž</subfield>
  </datafield>
  <datafield tag="377" ind1=" " ind2=" ">
    <subfield code="a">ukr</subfield>
    <subfield code="a">sla</subfield>
  </datafield>
  <datafield tag="400" ind1="1" ind2=" ">
    <subfield code="a">Bokšaj, Omelìjan,</subfield>
    <subfield code="d">1889-1976</subfield>
    <subfield code="0">o</subfield>
  </datafield>
  <datafield tag="670" ind1=" " ind2=" ">
    <subfield code="a">NBU, cit. 27. 10. 2020</subfield>
    <subfield code="b">autoritní forma, odkaz viz</subfield>
  </datafield>
  <datafield tag="670" ind1=" " ind2=" ">
    <subfield code="a">www(Vìkìpedìja, vìl‘na encyklopedìja), cit. 27. 10. 2020</subfield>
    <subfield code="b">datum narození a úmrtí, biografické údaje</subfield>
    <subfield code="u">https://uk.wikipedia.org/wiki/%D0%91%D0%BE%D0%BA%D1%88%D0%B0%D0%B9_%D0%95%D0%BC%D1%96%D0%BB%D1%96%D1%8F%D0%BD</subfield>
  </datafield>
  <datafield tag="670" ind1=" " ind2=" ">
    <subfield code="a">Bokšaj, Jemylijan: Nauka o vere : dohmatyka. Užhorod, 1924</subfield>
  </datafield>
  <datafield tag="678" ind1="0" ind2=" ">
    <subfield code="a">Ukrajinský zakarpatský novinář, řeckokatolický kněz a katecheta.</subfield>
  </datafield>
  <datafield tag="906" ind1=" " ind2=" ">
    <subfield code="a">za20201027</subfield>
    <subfield code="b">tapo</subfield>
  </datafield>
</record>