

<record>
  <leader>     nz  a22     n  4500</leader>
  <datafield tag="900" ind1=" " ind2=" ">
    <subfield code="a">J-NÁVRH-STT</subfield>
  </datafield>
  <controlfield tag="001">ntk20201090659</controlfield>
  <controlfield tag="003">CZ PrNK</controlfield>
  <controlfield tag="005">20201028182416.0</controlfield>
  <controlfield tag="008">201027|n|aznnnaabn           n a|a      </controlfield>
  <datafield tag="024" ind1="7" ind2=" ">
    <subfield code="a">0000000057064751</subfield>
    <subfield code="2">isni</subfield>
  </datafield>
  <datafield tag="024" ind1="7" ind2=" ">
    <subfield code="a">Q55848865</subfield>
    <subfield code="2">wikidata</subfield>
  </datafield>
  <datafield tag="040" ind1=" " ind2=" ">
    <subfield code="a">ABA013</subfield>
    <subfield code="b">cze</subfield>
    <subfield code="e">rda</subfield>
  </datafield>
  <datafield tag="046" ind1=" " ind2=" ">
    <subfield code="f">1706</subfield>
    <subfield code="g">1764</subfield>
  </datafield>
  <datafield tag="100" ind1="1" ind2=" ">
    <subfield code="a">Busche, Johann Clamer August von dem,</subfield>
    <subfield code="d">1706-1764</subfield>
    <subfield code="7">ntk20201090659</subfield>
  </datafield>
  <datafield tag="368" ind1=" " ind2=" ">
    <subfield code="d">Freiherr</subfield>
    <subfield code="d">Doktor der Rechte</subfield>
  </datafield>
  <datafield tag="370" ind1=" " ind2=" ">
    <subfield code="b">Hannover, Německo</subfield>
    <subfield code="c">Německo</subfield>
    <subfield code="f">Hannover, Německo</subfield>
  </datafield>
  <datafield tag="372" ind1=" " ind2=" ">
    <subfield code="a">právo</subfield>
    <subfield code="a">politika</subfield>
    <subfield code="a">státní správa</subfield>
  </datafield>
  <datafield tag="374" ind1=" " ind2=" ">
    <subfield code="a">právníci</subfield>
    <subfield code="a">politici</subfield>
    <subfield code="a">ministři</subfield>
    <subfield code="a">šlechtici</subfield>
  </datafield>
  <datafield tag="375" ind1=" " ind2=" ">
    <subfield code="a">muž</subfield>
  </datafield>
  <datafield tag="377" ind1=" " ind2=" ">
    <subfield code="a">ger</subfield>
    <subfield code="a">lat</subfield>
  </datafield>
  <datafield tag="400" ind1="1" ind2=" ">
    <subfield code="a">Busche, Ioannes Clamer Augustus von dem,</subfield>
    <subfield code="d">1706-1764</subfield>
    <subfield code="0">o</subfield>
  </datafield>
  <datafield tag="400" ind1="1" ind2=" ">
    <subfield code="a">Busche, Io. Clamer Avgvstvs von dem,</subfield>
    <subfield code="d">1706-1764</subfield>
    <subfield code="0">o</subfield>
  </datafield>
  <datafield tag="400" ind1="1" ind2=" ">
    <subfield code="a">Bvssche, Iohanni Clamero Avgvsto,</subfield>
    <subfield code="c">L. B. von dem,</subfield>
    <subfield code="d">1706-1764</subfield>
    <subfield code="0">o</subfield>
  </datafield>
  <datafield tag="400" ind1="1" ind2=" ">
    <subfield code="a">Bussche, Johann Clamer August von dem,</subfield>
    <subfield code="d">1706-176</subfield>
    <subfield code="0">o</subfield>
  </datafield>
  <datafield tag="400" ind1="1" ind2=" ">
    <subfield code="a">Bvssch, Iohanni Clamero Avgvsto,</subfield>
    <subfield code="c">L. B. von dem,</subfield>
    <subfield code="d">1706-1764</subfield>
    <subfield code="0">o</subfield>
  </datafield>
  <datafield tag="400" ind1="1" ind2=" ">
    <subfield code="a">Bvsch, Io. Clamer Avgvsto,</subfield>
    <subfield code="c">L. B. de,</subfield>
    <subfield code="d">1706-1764</subfield>
    <subfield code="0">o</subfield>
  </datafield>
  <datafield tag="400" ind1="1" ind2=" ">
    <subfield code="a">Bvsch, Iohanni Clamero Avgvsto,</subfield>
    <subfield code="c">L. B. de,</subfield>
    <subfield code="d">1706-1764</subfield>
    <subfield code="0">o</subfield>
  </datafield>
  <datafield tag="400" ind1="1" ind2=" ">
    <subfield code="a">Busche, Joannes Clamer Augustus von dem,</subfield>
    <subfield code="d">1706-1764</subfield>
    <subfield code="0">o</subfield>
  </datafield>
  <datafield tag="400" ind1="1" ind2=" ">
    <subfield code="a">Von dem Busche, Johann Clamer August,</subfield>
    <subfield code="d">1706-1764</subfield>
    <subfield code="0">o</subfield>
  </datafield>
  <datafield tag="400" ind1="1" ind2=" ">
    <subfield code="a">Busch, Johann Clamer August von dem,</subfield>
    <subfield code="d">1706-1764</subfield>
    <subfield code="0">o</subfield>
  </datafield>
  <datafield tag="400" ind1="1" ind2=" ">
    <subfield code="a">Busch, Johannes Clamerus Augustus,</subfield>
    <subfield code="c">Liber Baro de,</subfield>
    <subfield code="d">1706-1764</subfield>
    <subfield code="0">o</subfield>
  </datafield>
  <datafield tag="400" ind1="1" ind2=" ">
    <subfield code="a">Busch, Johannes Clamerus Augustus,</subfield>
    <subfield code="c">L. B. de,</subfield>
    <subfield code="d">1706-1764</subfield>
    <subfield code="0">o</subfield>
  </datafield>
  <datafield tag="400" ind1="1" ind2=" ">
    <subfield code="a">Bussche-Lohe, Johann Clemens August von dem,</subfield>
    <subfield code="d">1706-1764</subfield>
    <subfield code="0">o</subfield>
  </datafield>
  <datafield tag="400" ind1="1" ind2=" ">
    <subfield code="a">Lohe, Johann Clemens August von dem Bussche-,</subfield>
    <subfield code="d">1706-1764</subfield>
    <subfield code="0">o</subfield>
  </datafield>
  <datafield tag="400" ind1="0" ind2=" ">
    <subfield code="a">Johan Clamor August,</subfield>
    <subfield code="c">Vrijheer van der Bussche Heer van Lohe,</subfield>
    <subfield code="d">1706-1764</subfield>
    <subfield code="0">o</subfield>
  </datafield>
  <datafield tag="667" ind1=" " ind2=" ">
    <subfield code="a">http://d-nb.info/gnd/122653343. http://d-nb.info/gnd/136187161.</subfield>
  </datafield>
  <datafield tag="667" ind1=" " ind2=" ">
    <subfield code="a">Popisovaná osoba má v DNB-GND až tři autoritní záznamy, pro český autoritní záznam byly využity dva: 1. primární záznam „Busche, Johann Clamer August von dem“ (http://d-nb.info/gnd/122653343) a 2. duplicitní záznam „Bussche-Lohe, Johann Clemens August von dem“ (http://d-nb.info/gnd/136187161), který k příjmení připojuje termín „Lohe“ znamenající vlastněné panství. Obě záhlaví jsou obsažena v databázi VD 18 celkem v 7 záznamech knih (5+2), porovnáním dedikačních stránek se jmény a vlastněnými územími bylo zjištěno, že jde o jednu a tutéž osobu. Třetí velmi stručný autoritní záznam „Busche, Johann C. von dem“ (http://d-nb.info/gnd/102855714) je zastaralý. Problém byl konzultován mailem 27. 10. 2020 s Martinem Liebetruthem (Koordination Sammlungsdigitalisierung, Niedersächsische Staats- und Universitätsbibliothek Göttingen).</subfield>
  </datafield>
  <datafield tag="670" ind1=" " ind2=" ">
    <subfield code="a">Die harmonische Verhältniß, wonach alle reguläre Vielecke geometrice erwiesen, und in einem Circkel beschrieben werden, als den Grund der widerrechtlich verhasseten und verruffenen arithmetischen QUADRATUR des Circkels, untersuchet und erweiset zum Vorschmack ANDREAS CLAVIUS ... Franckfurth und Leipzig, 1755. [Dedikace]: ... Herrn JOHANN CLAMER AUGUST Frey-Herrn von dem BUSCH Erb- und Gerichts- Herrn auf Walbeck, Quenstedt</subfield>
    <subfield code="b">odkaz viz</subfield>
    <subfield code="u">http://resolver.sub.uni-goettingen.de/purl?PPN615895387</subfield>
  </datafield>
  <datafield tag="670" ind1=" " ind2=" ">
    <subfield code="a">Des berühmten Herrn D. Schwifts Mährgen von der Tonne: ... Erster Theil ... Altona, 1748. [Dedikace]: Denen Hochwohlgebohrnen Herren, HERRN Philipp Wilhelm und HERRN Joh. Clamer August, Gebrüdern von dem Busche, Erb- Lehn- und Gerichts- Herren auf Lohn, Buschhausen, Walbeck, Quensted, ...</subfield>
    <subfield code="b">odkaz viz, vlastněná území, rodinný vztah</subfield>
    <subfield code="u">http://digitale.bibliothek.uni-halle.de/vd18/content/pageview/10932956</subfield>
  </datafield>
  <datafield tag="670" ind1=" " ind2=" ">
    <subfield code="a">DNB, cit. 27. 10. 2020</subfield>
    <subfield code="b">autoritní forma, odkazy viz, profesní údaje</subfield>
    <subfield code="u">http://d-nb.info/gnd/122653343</subfield>
  </datafield>
  <datafield tag="670" ind1=" " ind2=" ">
    <subfield code="a">DNB, cit. 27. 10. 2020</subfield>
    <subfield code="b">odkazy viz, datum narození a úmrtí, profesní údaje</subfield>
    <subfield code="u">http://d-nb.info/gnd/136187161</subfield>
  </datafield>
  <datafield tag="670" ind1=" " ind2=" ">
    <subfield code="a">www(VD 18)</subfield>
    <subfield code="b">seznam publikací popisované osoby</subfield>
    <subfield code="u">www.vd18.de</subfield>
  </datafield>
  <datafield tag="670" ind1=" " ind2=" ">
    <subfield code="a">www(genealogieonline.nl, Johan Clamor August Vrijheer van der Bussche Heer van Lohe (1706-1764)), cit. 27. 10. 2020</subfield>
    <subfield code="b">místo úmrtí, odkaz viz, biografické údaje</subfield>
    <subfield code="u">https://www.genealogieonline.nl/west-europese-adel/I295089.php</subfield>
  </datafield>
  <datafield tag="678" ind1="0" ind2=" ">
    <subfield code="a">Německý právník, politik a hannoverský státník, příslušník šlechtické rodiny „von dem Busche“ (vlastnictví panství Walbeck, Lohe, Buschhausen, Quenstedt aj.). Byl ministrem vlády v Hannoveru. Jeho bratrem byl právník Philipp Wilhelm von dem Busch. V publikacích 18. století se popisovaná osoba vyskytuje také v roli dedikanta (v jedné společně s bratrem, viz VD 18).</subfield>
  </datafield>
  <datafield tag="906" ind1=" " ind2=" ">
    <subfield code="a">za20201027</subfield>
    <subfield code="b">evbr</subfield>
  </datafield>
  <datafield tag="906" ind1=" " ind2=" ">
    <subfield code="a">ko20201027</subfield>
    <subfield code="b">evbr</subfield>
  </datafield>
</record>