

<record>
  <leader>     nz  a22     n  4500</leader>
  <datafield tag="900" ind1=" " ind2=" ">
    <subfield code="a">J-NÁVRH</subfield>
  </datafield>
  <controlfield tag="001">mub20201090663</controlfield>
  <controlfield tag="003">CZ PrNK</controlfield>
  <controlfield tag="005">20201029235301.0</controlfield>
  <controlfield tag="008">201027|n|aznnnaabn           n a|a      </controlfield>
  <datafield tag="040" ind1=" " ind2=" ">
    <subfield code="a">BOD010</subfield>
    <subfield code="b">cze</subfield>
    <subfield code="e">rda</subfield>
  </datafield>
  <datafield tag="046" ind1=" " ind2=" ">
    <subfield code="f">1884</subfield>
    <subfield code="g">1969</subfield>
  </datafield>
  <datafield tag="100" ind1="1" ind2=" ">
    <subfield code="a">Miser, Hugh D.</subfield>
    <subfield code="q">(Hugh Dinsmore),</subfield>
    <subfield code="d">1884-1969</subfield>
    <subfield code="7">mub20201090663</subfield>
  </datafield>
  <datafield tag="370" ind1=" " ind2=" ">
    <subfield code="c">Spojené státy americké</subfield>
  </datafield>
  <datafield tag="372" ind1=" " ind2=" ">
    <subfield code="a">geologie</subfield>
    <subfield code="a">geologické mapování</subfield>
    <subfield code="a">geografický výzkum</subfield>
  </datafield>
  <datafield tag="374" ind1=" " ind2=" ">
    <subfield code="a">geologové</subfield>
    <subfield code="a">vysokoškolští učitelé</subfield>
  </datafield>
  <datafield tag="375" ind1=" " ind2=" ">
    <subfield code="a">muž</subfield>
  </datafield>
  <datafield tag="377" ind1=" " ind2=" ">
    <subfield code="a">eng</subfield>
  </datafield>
  <datafield tag="400" ind1="1" ind2=" ">
    <subfield code="a">Miser, Hugh Dinsmore,</subfield>
    <subfield code="d">1884-1969</subfield>
    <subfield code="0">o</subfield>
  </datafield>
  <datafield tag="670" ind1=" " ind2=" ">
    <subfield code="a">Miser, Hugh D.: Geology of the De Queen and Caddo gap quadrangles, Arkansas, 1929</subfield>
  </datafield>
  <datafield tag="670" ind1=" " ind2=" ">
    <subfield code="a">LC (Names), cit. 27. 10. 2020</subfield>
    <subfield code="b">autoritní forma</subfield>
  </datafield>
  <datafield tag="670" ind1=" " ind2=" ">
    <subfield code="a">www(Encyclopedia of Arkansas), cit. 27. 10. 2020</subfield>
    <subfield code="b">biografické údaje</subfield>
  </datafield>
  <datafield tag="678" ind1="0" ind2=" ">
    <subfield code="a">Americké geolog, vysokoškolský pedagog, specialista na geologické mapování.</subfield>
  </datafield>
  <datafield tag="906" ind1=" " ind2=" ">
    <subfield code="a">za20201027</subfield>
    <subfield code="b">smutnax</subfield>
  </datafield>
  <datafield tag="906" ind1=" " ind2=" ">
    <subfield code="a">ko20201029</subfield>
    <subfield code="b">pospel</subfield>
  </datafield>
</record>