

<record>
  <leader>     cz  a22     n  4500</leader>
  <controlfield tag="001">ko20201090664</controlfield>
  <controlfield tag="003">CZ PrNK</controlfield>
  <controlfield tag="005">20201029072459.0</controlfield>
  <controlfield tag="008">201028|n|aznnnaabn           n a|a      </controlfield>
  <datafield tag="040" ind1=" " ind2=" ">
    <subfield code="a">ABA004</subfield>
    <subfield code="b">cze</subfield>
    <subfield code="d">ABA001</subfield>
    <subfield code="e">rda</subfield>
  </datafield>
  <datafield tag="110" ind1="2" ind2=" ">
    <subfield code="a">Športno društvo Tabor (Lublaň, Slovinsko)</subfield>
    <subfield code="7">ko20201090664</subfield>
  </datafield>
  <datafield tag="368" ind1=" " ind2=" ">
    <subfield code="a">sportovní kluby</subfield>
    <subfield code="a">sportovní organizace</subfield>
  </datafield>
  <datafield tag="370" ind1=" " ind2=" ">
    <subfield code="c">Slovinsko</subfield>
    <subfield code="e">Lublaň, Slovinsko</subfield>
  </datafield>
  <datafield tag="372" ind1=" " ind2=" ">
    <subfield code="a">sport</subfield>
  </datafield>
  <datafield tag="377" ind1=" " ind2=" ">
    <subfield code="a">slv</subfield>
  </datafield>
  <datafield tag="410" ind1="2" ind2=" ">
    <subfield code="a">Tabor Sports Association (Lublaň, Slovinsko)</subfield>
    <subfield code="2">czeeng</subfield>
    <subfield code="0">o</subfield>
  </datafield>
  <datafield tag="670" ind1=" " ind2=" ">
    <subfield code="a">LC (Names), 29. 10. 2020</subfield>
    <subfield code="b">autoritní forma; odkaz viz</subfield>
  </datafield>
  <datafield tag="670" ind1=" " ind2=" ">
    <subfield code="a">Bil sem telovadec. Za to sem živel :110 let Športnega društva Tabor in 90 let sokolskega doma na Taboru : razstavni katalog = I used to be a gymnast. It was what I had lived for : 110th anniversary of Tabor Sports Association and 90th anniversary of Sokol Hall at Tabor : exhibition catalogue; 2017</subfield>
  </datafield>
  <datafield tag="906" ind1=" " ind2=" ">
    <subfield code="a">za20201029</subfield>
    <subfield code="b">mahr</subfield>
  </datafield>
  <datafield tag="906" ind1=" " ind2=" ">
    <subfield code="a">op20201029</subfield>
    <subfield code="b">svsv</subfield>
    <subfield code="c">Další info - nově; Zdroj - doplnění</subfield>
  </datafield>
</record>