

<record>
  <leader>     nz  a22     n  4500</leader>
  <datafield tag="900" ind1=" " ind2=" ">
    <subfield code="a">J-NÁVRH</subfield>
  </datafield>
  <controlfield tag="001">xx0253329</controlfield>
  <controlfield tag="003">CZ PrNK</controlfield>
  <controlfield tag="005">20201028144453.8</controlfield>
  <controlfield tag="008">201028|n|aznnnaabn           n a|a      </controlfield>
  <datafield tag="024" ind1=" " ind2=" ">
    <subfield code="a">0000000066552888</subfield>
    <subfield code="2">isni</subfield>
  </datafield>
  <datafield tag="040" ind1=" " ind2=" ">
    <subfield code="a">ABE304</subfield>
    <subfield code="b">cze</subfield>
    <subfield code="e">rda</subfield>
  </datafield>
  <datafield tag="100" ind1="1" ind2=" ">
    <subfield code="a">Schachtner, Johann Andreas,</subfield>
    <subfield code="d">1731-1795</subfield>
    <subfield code="7">xx0253329</subfield>
  </datafield>
  <datafield tag="370" ind1=" " ind2=" ">
    <subfield code="c">Německo</subfield>
  </datafield>
  <datafield tag="372" ind1=" " ind2=" ">
    <subfield code="a">hudba</subfield>
    <subfield code="a">hra na trubku</subfield>
    <subfield code="a">poezie</subfield>
    <subfield code="a">libreta</subfield>
  </datafield>
  <datafield tag="374" ind1=" " ind2=" ">
    <subfield code="a">hudebníci</subfield>
    <subfield code="a">trumpetisté</subfield>
    <subfield code="a">básníci</subfield>
    <subfield code="a">libretisté</subfield>
  </datafield>
  <datafield tag="375" ind1=" " ind2=" ">
    <subfield code="a">muž</subfield>
  </datafield>
  <datafield tag="377" ind1=" " ind2=" ">
    <subfield code="a">ger</subfield>
  </datafield>
  <datafield tag="400" ind1="1" ind2=" ">
    <subfield code="a">Schachtner, Joh. Andr.,</subfield>
    <subfield code="d">1731-1795</subfield>
    <subfield code="0">o</subfield>
  </datafield>
  <datafield tag="400" ind1="1" ind2=" ">
    <subfield code="a">Schachtner, Johannes Andreas,</subfield>
    <subfield code="d">1731-1795</subfield>
    <subfield code="0">o</subfield>
  </datafield>
  <datafield tag="400" ind1="1" ind2=" ">
    <subfield code="a">Schachtner, J. A.,</subfield>
    <subfield code="d">1731-1795</subfield>
    <subfield code="0">o</subfield>
  </datafield>
  <datafield tag="400" ind1="1" ind2=" ">
    <subfield code="a">Schachtner, Andreas,</subfield>
    <subfield code="d">1731-1795</subfield>
    <subfield code="0">o</subfield>
  </datafield>
  <datafield tag="400" ind1="1" ind2=" ">
    <subfield code="a">Schachtner, Johann Andree,</subfield>
    <subfield code="d">1731-1795</subfield>
    <subfield code="0">o</subfield>
  </datafield>
  <datafield tag="400" ind1="1" ind2=" ">
    <subfield code="a">Schachtner, Johann A.,</subfield>
    <subfield code="d">1731-1795</subfield>
    <subfield code="0">o</subfield>
  </datafield>
  <datafield tag="670" ind1=" " ind2=" ">
    <subfield code="a">Schachtner. Zaida [rukopis], 2000</subfield>
  </datafield>
  <datafield tag="670" ind1=" " ind2=" ">
    <subfield code="a">DNB, cit. 28. 10. 2020</subfield>
    <subfield code="b">autoritní forma, odkazy viz, biografické údaje</subfield>
  </datafield>
  <datafield tag="670" ind1=" " ind2=" ">
    <subfield code="a">www(Oesterreichisches Musiklexikon), cit. 28. 10. 2020</subfield>
    <subfield code="b">biografická data, biografické údaje</subfield>
  </datafield>
  <datafield tag="678" ind1="0" ind2=" ">
    <subfield code="a">Německý trumpetista, hudebník, básník a libretista.</subfield>
  </datafield>
  <datafield tag="906" ind1=" " ind2=" ">
    <subfield code="a">za20201028</subfield>
    <subfield code="b">xalso</subfield>
  </datafield>
</record>