

<record>
  <leader>     nz  a22     n  4500</leader>
  <datafield tag="900" ind1=" " ind2=" ">
    <subfield code="a">*J-NÁVRH</subfield>
  </datafield>
  <controlfield tag="001">mzk20201090675</controlfield>
  <controlfield tag="003">CZ PrNK</controlfield>
  <controlfield tag="005">20201029074043.0</controlfield>
  <controlfield tag="008">201029|n|aznnnaabn           n a|a      </controlfield>
  <datafield tag="024" ind1="7" ind2=" ">
    <subfield code="a">Q77402</subfield>
    <subfield code="2">wikidata</subfield>
  </datafield>
  <datafield tag="024" ind1="7" ind2=" ">
    <subfield code="a">0000000108761953</subfield>
    <subfield code="2">isni</subfield>
  </datafield>
  <datafield tag="040" ind1=" " ind2=" ">
    <subfield code="a">BOA001</subfield>
    <subfield code="b">cze</subfield>
    <subfield code="e">rda</subfield>
  </datafield>
  <datafield tag="046" ind1=" " ind2=" ">
    <subfield code="f">1827</subfield>
    <subfield code="g">1875</subfield>
  </datafield>
  <datafield tag="100" ind1="1" ind2=" ">
    <subfield code="a">Bleek, Wilhelm H. I.,</subfield>
    <subfield code="d">1827-1875</subfield>
    <subfield code="7">mzk20201090675</subfield>
  </datafield>
  <datafield tag="370" ind1=" " ind2=" ">
    <subfield code="a">Berlín, Německo</subfield>
    <subfield code="b">Kapské Město, Jihoafrická republika</subfield>
    <subfield code="c">Německo</subfield>
    <subfield code="c">Jihoafrická republika</subfield>
  </datafield>
  <datafield tag="372" ind1=" " ind2=" ">
    <subfield code="a">lingvistika</subfield>
    <subfield code="a">filologie</subfield>
    <subfield code="a">etnologie</subfield>
    <subfield code="a">antropologie</subfield>
    <subfield code="a">afrikanistika</subfield>
  </datafield>
  <datafield tag="374" ind1=" " ind2=" ">
    <subfield code="a">lingvisté</subfield>
    <subfield code="a">filologové</subfield>
    <subfield code="a">etnologové</subfield>
    <subfield code="a">antropologové</subfield>
    <subfield code="a">afrikanisté</subfield>
    <subfield code="a">fotografové</subfield>
  </datafield>
  <datafield tag="375" ind1=" " ind2=" ">
    <subfield code="a">muž</subfield>
  </datafield>
  <datafield tag="377" ind1=" " ind2=" ">
    <subfield code="a">ger</subfield>
    <subfield code="a">eng</subfield>
  </datafield>
  <datafield tag="400" ind1="1" ind2=" ">
    <subfield code="a">Bleek, Wilhelm Heinrich Immanuel,</subfield>
    <subfield code="d">1827-1875</subfield>
    <subfield code="0">o</subfield>
  </datafield>
  <datafield tag="400" ind1="1" ind2=" ">
    <subfield code="a">Bleek, Wilhelm H.,</subfield>
    <subfield code="d">1827-1875</subfield>
    <subfield code="0">o</subfield>
  </datafield>
  <datafield tag="400" ind1="1" ind2=" ">
    <subfield code="a">Bleek, Guilelmus,</subfield>
    <subfield code="d">1827-1875</subfield>
    <subfield code="0">o</subfield>
  </datafield>
  <datafield tag="400" ind1="1" ind2=" ">
    <subfield code="a">Bleek, Heinrich I.,</subfield>
    <subfield code="d">1827-1875</subfield>
    <subfield code="0">o</subfield>
  </datafield>
  <datafield tag="400" ind1="1" ind2=" ">
    <subfield code="a">Bleek, Wilhelm,</subfield>
    <subfield code="d">1827-1875</subfield>
    <subfield code="0">o</subfield>
  </datafield>
  <datafield tag="400" ind1="1" ind2=" ">
    <subfield code="a">Bleek, W. H. I.,</subfield>
    <subfield code="d">1827-1875</subfield>
    <subfield code="0">o</subfield>
  </datafield>
  <datafield tag="400" ind1="1" ind2=" ">
    <subfield code="a">Bleek, W. H. J.,</subfield>
    <subfield code="d">1827-1875</subfield>
    <subfield code="0">o</subfield>
  </datafield>
  <datafield tag="670" ind1=" " ind2=" ">
    <subfield code="a">Bleek, W. H. I.: On inquiries into Australian Aboriginal folklore, 1874</subfield>
  </datafield>
  <datafield tag="670" ind1=" " ind2=" ">
    <subfield code="a">DNB, cit. 29. 10. 2020</subfield>
    <subfield code="b">autoritní forma, odkazy viz, biografické údaje, rok narození, rok úmrtí</subfield>
  </datafield>
  <datafield tag="670" ind1=" " ind2=" ">
    <subfield code="a">www(Wikipedia, die freie Enzyklopädie), cit. 29. 10. 2020</subfield>
    <subfield code="b">biografické údaje, rok a místo narození, rok a místo úmrtí</subfield>
    <subfield code="u">https://de.wikipedia.org/wiki/Wilhelm_Bleek_(Linguist)</subfield>
  </datafield>
  <datafield tag="678" ind1="0" ind2=" ">
    <subfield code="a">Německý filolog, lingvista, zaměřený na komparativní gramatiku, antropolog, etnolog, afrikanista a fotograf.</subfield>
  </datafield>
  <datafield tag="906" ind1=" " ind2=" ">
    <subfield code="a">za20201029</subfield>
    <subfield code="b">basiil</subfield>
  </datafield>
</record>