

<record>
  <leader>     nz  a22     n  4500</leader>
  <controlfield tag="001">kon20201090692</controlfield>
  <controlfield tag="003">CZ PrNK</controlfield>
  <controlfield tag="005">20201029092117.0</controlfield>
  <controlfield tag="008">201029|n|aznnnaabn           n a|a      </controlfield>
  <datafield tag="040" ind1=" " ind2=" ">
    <subfield code="a">ABA001</subfield>
    <subfield code="b">cze</subfield>
    <subfield code="e">rda</subfield>
  </datafield>
  <datafield tag="110" ind1="2" ind2=" ">
    <subfield code="a">Moravsko-Slezská obec sokolská.</subfield>
    <subfield code="b">Župa Rastislavova.</subfield>
    <subfield code="t">Výroční zpráva (Moravsko-Slezská obec sokolská. Župa Rastislavova)</subfield>
    <subfield code="7">kon20201090692</subfield>
  </datafield>
  <datafield tag="410" ind1="2" ind2=" ">
    <subfield code="a">Moravsko-Slezská obec sokolská.</subfield>
    <subfield code="b">Župa Rastislavova.</subfield>
    <subfield code="t">Výroční zpráva Sokolské župy Rastislavovy</subfield>
    <subfield code="0">o</subfield>
  </datafield>
  <datafield tag="670" ind1=" " ind2=" ">
    <subfield code="a">Výroční zpráva Sokolské župy Rastislavovy. [Brno] : nákladem Sokolské župy Rastislavovy, [1893-1926?]</subfield>
  </datafield>
  <datafield tag="906" ind1=" " ind2=" ">
    <subfield code="a">br20201029</subfield>
    <subfield code="b">juri</subfield>
  </datafield>
  <datafield tag="906" ind1=" " ind2=" ">
    <subfield code="a">ks20201029</subfield>
    <subfield code="b">juri</subfield>
  </datafield>
</record>