

<record>
  <leader>     nz  a22     n  4500</leader>
  <controlfield tag="001">kon20201090698</controlfield>
  <controlfield tag="003">CZ PrNK</controlfield>
  <controlfield tag="005">20201029093640.0</controlfield>
  <controlfield tag="008">201029|n|aznnnaabn           n a|a      </controlfield>
  <datafield tag="040" ind1=" " ind2=" ">
    <subfield code="a">ABA001</subfield>
    <subfield code="b">cze</subfield>
    <subfield code="e">rda</subfield>
  </datafield>
  <datafield tag="110" ind1="2" ind2=" ">
    <subfield code="a">Ústřední konsumní a úsporné družstvo "Budoucnost" v Moravské Ostravě.</subfield>
    <subfield code="t">Výroční zpráva (Ústřední konsumní a úsporné družstvo "Budoucnost" v Moravské Ostravě).</subfield>
    <subfield code="l">Německy</subfield>
    <subfield code="7">kon20201090698</subfield>
  </datafield>
  <datafield tag="410" ind1="2" ind2=" ">
    <subfield code="a">Ústřední konsumní a úsporné družstvo "Budoucnost" v Moravské Ostravě.</subfield>
    <subfield code="t">Jahresbericht für das Verwaltungsjahr ...</subfield>
    <subfield code="0">o</subfield>
  </datafield>
  <datafield tag="410" ind1="2" ind2=" ">
    <subfield code="a">Ústřední konsumní a úsporné družstvo "Budoucnost" v Moravské Ostravě.</subfield>
    <subfield code="t">Zentral- Konsum- und Spargenossenschaft "Budoucnost" - Jahresbericht</subfield>
    <subfield code="0">o</subfield>
  </datafield>
  <datafield tag="670" ind1=" " ind2=" ">
    <subfield code="a">Jahresbericht für das Verwaltungsjahr ... / Zentral- Konsum- u. Spargenossenschaft "Budoucnost". Mährisch-Ostrau : Budoucnost, [1921-1945?]</subfield>
  </datafield>
  <datafield tag="906" ind1=" " ind2=" ">
    <subfield code="a">br20201029</subfield>
    <subfield code="b">juri</subfield>
  </datafield>
  <datafield tag="906" ind1=" " ind2=" ">
    <subfield code="a">ks20201029</subfield>
    <subfield code="b">juri</subfield>
  </datafield>
</record>