

<record>
  <leader>     cz  a22     n  4500</leader>
  <controlfield tag="001">ko20201090705</controlfield>
  <controlfield tag="003">CZ PrNK</controlfield>
  <controlfield tag="005">20201029104159.0</controlfield>
  <controlfield tag="008">201029|n|aznnnaabn           n a|a      </controlfield>
  <datafield tag="040" ind1=" " ind2=" ">
    <subfield code="a">ABA001</subfield>
    <subfield code="b">cze</subfield>
    <subfield code="e">rda</subfield>
  </datafield>
  <datafield tag="110" ind1="2" ind2=" ">
    <subfield code="a">Ìnstytut schodoznavstva ìm. A.Ju. Kryms‘koho NAN Ukrajiny</subfield>
    <subfield code="7">ko20201090705</subfield>
  </datafield>
  <datafield tag="MOR" ind1="1" ind2=" ">
    <subfield code="a">Ìnstytut schodoznavstva ìm. A.Ju. Kryms'koho NAN Ukrajiny</subfield>
    <subfield code="7">ko20201090705</subfield>
  </datafield>
  <datafield tag="368" ind1=" " ind2=" ">
    <subfield code="a">vědecké ústavy</subfield>
    <subfield code="a">vědecké instituce a organizace</subfield>
    <subfield code="a">výzkumné ústavy</subfield>
  </datafield>
  <datafield tag="370" ind1=" " ind2=" ">
    <subfield code="c">Ukrajina</subfield>
    <subfield code="e">Kyjev, Ukrajina</subfield>
  </datafield>
  <datafield tag="372" ind1=" " ind2=" ">
    <subfield code="a">orientalistika</subfield>
    <subfield code="a">vědecký výzkum</subfield>
  </datafield>
  <datafield tag="377" ind1=" " ind2=" ">
    <subfield code="a">ukr</subfield>
  </datafield>
  <datafield tag="410" ind1="2" ind2=" ">
    <subfield code="a">Nacìonal‘na akademìja nauk Ukrajiny.</subfield>
    <subfield code="b">Ìnstytut schodoznavstva ìm. A.Ju. Kryms‘koho</subfield>
    <subfield code="0">o</subfield>
  </datafield>
  <datafield tag="410" ind1="2" ind2=" ">
    <subfield code="a">Ìnstytut schodoznavstva ìm. A.Ju. Kryms‘koho</subfield>
    <subfield code="0">o</subfield>
  </datafield>
  <datafield tag="410" ind1="2" ind2=" ">
    <subfield code="a">Ìnstytut schodoznavstva ìmenì A. Kryms‘koho NAN Ukrajiny</subfield>
    <subfield code="0">o</subfield>
  </datafield>
  <datafield tag="410" ind1="2" ind2=" ">
    <subfield code="a">Ìnstytut schodoznavstva ìm. A. Kryms‘koho Nacìonal‘noji akademìji nauk Ukrajiny</subfield>
    <subfield code="0">o</subfield>
  </datafield>
  <datafield tag="410" ind1="2" ind2=" ">
    <subfield code="a">A. Krymsky Institute of Oriental Studies National Academy of Sciences of Ukraine</subfield>
    <subfield code="2">czeeng</subfield>
    <subfield code="0">o</subfield>
  </datafield>
  <datafield tag="410" ind1="2" ind2=" ">
    <subfield code="a">A. Krymskyi Institute of Oriental Studies National Academy of Sciences of Ukraine</subfield>
    <subfield code="2">czeeng</subfield>
    <subfield code="0">o</subfield>
  </datafield>
  <datafield tag="410" ind1="2" ind2=" ">
    <subfield code="a">Krymsky Institute of Oriental Studies National Academy of Sciences of Ukraine</subfield>
    <subfield code="2">czeeng</subfield>
    <subfield code="0">o</subfield>
  </datafield>
  <datafield tag="410" ind1="2" ind2=" ">
    <subfield code="a">National Academy of Sciences of Ukraine.</subfield>
    <subfield code="b">Krymsky Institute of Oriental Studies</subfield>
    <subfield code="2">czeeng</subfield>
    <subfield code="0">o</subfield>
  </datafield>
  <datafield tag="410" ind1="2" ind2=" ">
    <subfield code="a">A.Yu. Krymskyi Institute of Oriental Studies (National Academy of Sciences of Ukraine)</subfield>
    <subfield code="2">czeeng</subfield>
    <subfield code="0">o</subfield>
  </datafield>
  <datafield tag="410" ind1="2" ind2=" ">
    <subfield code="a">Institute of Oriental Studies of the Ukrainian Academy of Sciences</subfield>
    <subfield code="2">czeeng</subfield>
    <subfield code="0">o</subfield>
  </datafield>
  <datafield tag="410" ind1="2" ind2=" ">
    <subfield code="a">Institut vostokovedenija im. A.Ju. Krymskogo NAN Ukrajiny</subfield>
    <subfield code="2">czerus</subfield>
    <subfield code="0">o</subfield>
  </datafield>
  <datafield tag="410" ind1="2" ind2=" ">
    <subfield code="a">Institut vostokovedenija imeni A. Krymskogo NAN Ukrajiny</subfield>
    <subfield code="2">czerus</subfield>
    <subfield code="0">o</subfield>
  </datafield>
  <datafield tag="410" ind1="2" ind2=" ">
    <subfield code="a">Nacional‘naja akademija nauk Ukrajiny.</subfield>
    <subfield code="b">Institut vostokovedenija im. A. Krymskogo</subfield>
    <subfield code="2">czerus</subfield>
    <subfield code="0">o</subfield>
  </datafield>
  <datafield tag="670" ind1=" " ind2=" ">
    <subfield code="a">Bubenok, O.B.: Adygi v Severnom Pričernomor‘je = The Adyghes in the Northern Black Sea region</subfield>
    <subfield code="b">autoritní forma</subfield>
  </datafield>
  <datafield tag="670" ind1=" " ind2=" ">
    <subfield code="a">LC (Names), cit. 29.10.2020</subfield>
    <subfield code="b">autoritní forma; odkazy viz</subfield>
  </datafield>
  <datafield tag="670" ind1=" " ind2=" ">
    <subfield code="a">www(Ìnstytut schodoznavstva ìm. A. Ju. Kryms‘koho Nacìonal‘noji akademìji nauk Ukrajiny), cit. 29.10.2020</subfield>
    <subfield code="b">autoritní forma; odkaz viz: A. Krymskyi Institute of Oriental Studies National Academy of Sciences of Ukraine</subfield>
  </datafield>
  <datafield tag="670" ind1=" " ind2=" ">
    <subfield code="a">www(Wikipedia, the free encyclopedia - Krymskyi Institute of Eastern Studies), cit. 29.10.2020</subfield>
    <subfield code="b">odkaz viz: A.Yu. Krymskyi Institute of Oriental Studies (National Academy of Sciences of Ukraine)</subfield>
    <subfield code="u">https://en.wikipedia.org/wiki/Krymskyi_Institute_of_Eastern_Studies</subfield>
  </datafield>
  <datafield tag="670" ind1=" " ind2=" ">
    <subfield code="a">www(Ìnstytut ìstorìji Ukrajiny NAN Ukrajiny), cit. 29.10.2020</subfield>
    <subfield code="b">odkaz viz: Ìnstytut schodoznavstva ìmenì A. Kryms‘koho NAN Ukrajiny</subfield>
  </datafield>
  <datafield tag="906" ind1=" " ind2=" ">
    <subfield code="a">za20201029</subfield>
    <subfield code="b">klou</subfield>
  </datafield>
  <datafield tag="906" ind1=" " ind2=" ">
    <subfield code="a">oz20201029</subfield>
    <subfield code="b">svsv</subfield>
    <subfield code="c">Záhlaví - oprava; Viz - oprava</subfield>
  </datafield>
</record>