

<record>
  <leader>     nz  a22     n  4500</leader>
  <controlfield tag="001">xx0253350</controlfield>
  <controlfield tag="003">CZ PrNK</controlfield>
  <controlfield tag="005">20201030060850.0</controlfield>
  <controlfield tag="008">201029|n|aznnnaabn           n a|a      </controlfield>
  <datafield tag="040" ind1=" " ind2=" ">
    <subfield code="a">ABA008</subfield>
    <subfield code="b">cze</subfield>
    <subfield code="d">ABA001</subfield>
    <subfield code="e">rda</subfield>
  </datafield>
  <datafield tag="100" ind1="1" ind2=" ">
    <subfield code="a">Soukup, Ondřej</subfield>
    <subfield code="7">xx0253350</subfield>
  </datafield>
  <datafield tag="368" ind1=" " ind2=" ">
    <subfield code="d">Docent</subfield>
    <subfield code="s">2018</subfield>
  </datafield>
  <datafield tag="368" ind1=" " ind2=" ">
    <subfield code="d">Mgr.</subfield>
    <subfield code="s">2007</subfield>
  </datafield>
  <datafield tag="368" ind1=" " ind2=" ">
    <subfield code="d">PharmDr.</subfield>
    <subfield code="s">2011</subfield>
  </datafield>
  <datafield tag="368" ind1=" " ind2=" ">
    <subfield code="d">Ph.D.</subfield>
    <subfield code="s">2011</subfield>
  </datafield>
  <datafield tag="370" ind1=" " ind2=" ">
    <subfield code="c">Česko</subfield>
  </datafield>
  <datafield tag="372" ind1=" " ind2=" ">
    <subfield code="a">farmacie</subfield>
    <subfield code="a">farmakologie</subfield>
    <subfield code="a">toxikologie</subfield>
  </datafield>
  <datafield tag="374" ind1=" " ind2=" ">
    <subfield code="a">farmaceuti</subfield>
    <subfield code="a">farmakologové</subfield>
    <subfield code="a">toxikologové</subfield>
    <subfield code="a">vysokoškolští učitelé</subfield>
  </datafield>
  <datafield tag="375" ind1=" " ind2=" ">
    <subfield code="a">muž</subfield>
  </datafield>
  <datafield tag="377" ind1=" " ind2=" ">
    <subfield code="a">cze</subfield>
  </datafield>
  <datafield tag="670" ind1=" " ind2=" ">
    <subfield code="a">Soukup, Ondřej ... [et al.]: Farmakologický proil dizocilpinu (MK-801) a možnosti jeho využití ve zvířecích modelech schizofrenie. Vojenské zdravotnické listy, 2019, roč. 88, č. 4, s. 166-179.</subfield>
  </datafield>
  <datafield tag="670" ind1=" " ind2=" ">
    <subfield code="a">www(oukup Ondřej - Centrum biomedicínského výzkumu), cit. 29. 10. 2020</subfield>
    <subfield code="b">profesní data</subfield>
  </datafield>
  <datafield tag="678" ind1="0" ind2=" ">
    <subfield code="a">PharmDr., Ph.D., docent Univerzity obrany; farmaceut, farmakolog, toxikolog: zabývá se screeningem biologických látek (Katedra toxikologie a vojenské farmacie, Fakulta vojenského zdravotnictví, Hradec Králové; Centrum biomedicínského výzkumu, Fakultní nemocnice Hradec Králové, ).</subfield>
  </datafield>
  <datafield tag="906" ind1=" " ind2=" ">
    <subfield code="a">za20201029</subfield>
    <subfield code="b">xlufr</subfield>
  </datafield>
  <datafield tag="906" ind1=" " ind2=" ">
    <subfield code="a">fr20201030</subfield>
    <subfield code="b">lisi</subfield>
  </datafield>
</record>