

<record>
  <leader>     nz  a22     n  4500</leader>
  <controlfield tag="001">aun20201090750</controlfield>
  <controlfield tag="003">CZ PrNK</controlfield>
  <controlfield tag="005">20201029125152.0</controlfield>
  <controlfield tag="008">201029|n|aznnnaabn           n a|a      </controlfield>
  <datafield tag="040" ind1=" " ind2=" ">
    <subfield code="a">ABA001</subfield>
    <subfield code="b">cze</subfield>
    <subfield code="e">rda</subfield>
  </datafield>
  <datafield tag="100" ind1="1" ind2=" ">
    <subfield code="a">De Kruif, Paul,</subfield>
    <subfield code="d">1890-1971.</subfield>
    <subfield code="t">Why keep them alive?</subfield>
    <subfield code="l">Česky</subfield>
    <subfield code="7">aun20201090750</subfield>
  </datafield>
  <datafield tag="400" ind1="1" ind2=" ">
    <subfield code="a">De Kruif, Paul,</subfield>
    <subfield code="d">1890-1971.</subfield>
    <subfield code="t">Děti musí žít!</subfield>
    <subfield code="7">aun20201090750</subfield>
    <subfield code="0">o</subfield>
  </datafield>
  <datafield tag="670" ind1=" " ind2=" ">
    <subfield code="a">LC (Names)</subfield>
  </datafield>
  <datafield tag="670" ind1=" " ind2=" ">
    <subfield code="a">www(Wikipedie, otevřená encyklopedie)</subfield>
  </datafield>
  <datafield tag="670" ind1=" " ind2=" ">
    <subfield code="a">Děti musí žít! / Paul de Kruif ; z amerického originálu přeložil A.A. Hoch. V Praze : Orbis, 1941</subfield>
  </datafield>
  <datafield tag="906" ind1=" " ind2=" ">
    <subfield code="a">br20201029</subfield>
    <subfield code="b">hape</subfield>
  </datafield>
  <datafield tag="906" ind1=" " ind2=" ">
    <subfield code="a">ks20201029</subfield>
    <subfield code="b">hape</subfield>
  </datafield>
</record>