

<record>
  <leader>     nz  a22     n  4500</leader>
  <controlfield tag="001">jo20201090754</controlfield>
  <controlfield tag="003">CZ PrNK</controlfield>
  <controlfield tag="005">20201029130914.0</controlfield>
  <controlfield tag="008">201029|n|aznnnaabn           n a|a      </controlfield>
  <datafield tag="040" ind1=" " ind2=" ">
    <subfield code="a">ABA001</subfield>
    <subfield code="b">cze</subfield>
    <subfield code="e">rda</subfield>
  </datafield>
  <datafield tag="046" ind1=" " ind2=" ">
    <subfield code="f">1952</subfield>
  </datafield>
  <datafield tag="100" ind1="1" ind2=" ">
    <subfield code="a">Mitręga, Marian,</subfield>
    <subfield code="d">1952-</subfield>
    <subfield code="7">jo20201090754</subfield>
  </datafield>
  <datafield tag="368" ind1=" " ind2=" ">
    <subfield code="d">doktor nauk politycznych</subfield>
    <subfield code="s">1979</subfield>
  </datafield>
  <datafield tag="370" ind1=" " ind2=" ">
    <subfield code="c">Polsko</subfield>
  </datafield>
  <datafield tag="372" ind1=" " ind2=" ">
    <subfield code="a">politologie</subfield>
    <subfield code="a">ekonomie</subfield>
    <subfield code="a">sociální politika</subfield>
    <subfield code="a">hospodářská politika</subfield>
  </datafield>
  <datafield tag="374" ind1=" " ind2=" ">
    <subfield code="a">politologové</subfield>
    <subfield code="a">vysokoškolští učitelé</subfield>
  </datafield>
  <datafield tag="375" ind1=" " ind2=" ">
    <subfield code="a">muž</subfield>
  </datafield>
  <datafield tag="377" ind1=" " ind2=" ">
    <subfield code="a">pol</subfield>
  </datafield>
  <datafield tag="400" ind1="1" ind2=" ">
    <subfield code="a">Mitręga, M.,</subfield>
    <subfield code="d">1952-</subfield>
    <subfield code="0">o</subfield>
  </datafield>
  <datafield tag="400" ind1="1" ind2=" ">
    <subfield code="a">Mitręga, Marian Karol,</subfield>
    <subfield code="d">1952-</subfield>
    <subfield code="0">o</subfield>
  </datafield>
  <datafield tag="670" ind1=" " ind2=" ">
    <subfield code="a">Lustig, Joanna - Mitręga, Marian - Stępień-Lampa, Natalia: Od opiekuńczości do pomocniczości: z perspektywy polityki społecznej. Wydanie I. Katowice: Wydawnictwo Uniwersytetu Śląskiego, 2018</subfield>
  </datafield>
  <datafield tag="670" ind1=" " ind2=" ">
    <subfield code="a">NUKAT, cit. 29. 10. 2020</subfield>
    <subfield code="b">autoritní forma, odkazy viz, biografické údaje, rok narození</subfield>
  </datafield>
  <datafield tag="670" ind1=" " ind2=" ">
    <subfield code="a">www(Instytut Nauk Politycznych Uniwersytet Śląski w Katowicach), cit. 29. 10. 2020</subfield>
    <subfield code="b">biografické údaje, pole 368</subfield>
  </datafield>
  <datafield tag="670" ind1=" " ind2=" ">
    <subfield code="a">www(Wikipedia, wolna encyklopedia), cit. 29. 10. 2020</subfield>
    <subfield code="b">biografické údaje, národnost</subfield>
    <subfield code="u">https://pl.wikipedia.org/wiki/Marian_Mitr%C4%99ga</subfield>
  </datafield>
  <datafield tag="678" ind1="0" ind2=" ">
    <subfield code="a">Polský politolog, vysokoškolský pedagog, specializace na sociální a hospodářskou politiku.</subfield>
  </datafield>
  <datafield tag="906" ind1=" " ind2=" ">
    <subfield code="a">br20201029</subfield>
    <subfield code="b">lisi</subfield>
  </datafield>
</record>