

<record>
  <leader>     nz  a22     n  4500</leader>
  <controlfield tag="001">aun20201090778</controlfield>
  <controlfield tag="003">CZ PrNK</controlfield>
  <controlfield tag="005">20201029145236.0</controlfield>
  <controlfield tag="008">201029|n|aznnnaabn           n a|a      </controlfield>
  <datafield tag="040" ind1=" " ind2=" ">
    <subfield code="a">ABA001</subfield>
    <subfield code="b">cze</subfield>
    <subfield code="e">rda</subfield>
  </datafield>
  <datafield tag="100" ind1="0" ind2=" ">
    <subfield code="a">Mencius,</subfield>
    <subfield code="d">asi 372 př. Kr.-asi 289 př. Kr.</subfield>
    <subfield code="t">Mengzi</subfield>
    <subfield code="7">aun20201090778</subfield>
  </datafield>
  <datafield tag="670" ind1=" " ind2=" ">
    <subfield code="a">www(Wikipedie, otevřená encyklopedie)</subfield>
  </datafield>
  <datafield tag="670" ind1=" " ind2=" ">
    <subfield code="a">Mengzi / Liang Tao jie du. Beijing : Guo jia tu shu guan chu ban she, 2017</subfield>
  </datafield>
  <datafield tag="678" ind1=" " ind2=" ">
    <subfield code="a">Filozofické dílo navazující na Konfuciovo učení.</subfield>
  </datafield>
  <datafield tag="906" ind1=" " ind2=" ">
    <subfield code="a">br20201029</subfield>
    <subfield code="b">jasv</subfield>
  </datafield>
</record>