

<record>
  <leader>     nz  a22     n  4500</leader>
  <datafield tag="900" ind1=" " ind2=" ">
    <subfield code="a">J-NÁVRH</subfield>
  </datafield>
  <controlfield tag="001">uk20201090782</controlfield>
  <controlfield tag="003">CZ PrNK</controlfield>
  <controlfield tag="005">20201029151554.0</controlfield>
  <controlfield tag="008">201029|n|aznnnaabn           n a|a      </controlfield>
  <datafield tag="040" ind1=" " ind2=" ">
    <subfield code="a">ABD156</subfield>
    <subfield code="b">cze</subfield>
    <subfield code="e">rda</subfield>
  </datafield>
  <datafield tag="046" ind1=" " ind2=" ">
    <subfield code="f">1909</subfield>
    <subfield code="g">1954</subfield>
  </datafield>
  <datafield tag="100" ind1="1" ind2=" ">
    <subfield code="a">Klouček, Bedřich,</subfield>
    <subfield code="d">1909-1954</subfield>
    <subfield code="7">uk20201090782</subfield>
  </datafield>
  <datafield tag="370" ind1=" " ind2=" ">
    <subfield code="a">Nová Paka, Česko</subfield>
    <subfield code="b">Trutnov, Česko</subfield>
    <subfield code="c">Česko</subfield>
  </datafield>
  <datafield tag="372" ind1=" " ind2=" ">
    <subfield code="a">služby v církvi</subfield>
    <subfield code="a">protifašistický odboj</subfield>
    <subfield code="a">regionální politika</subfield>
  </datafield>
  <datafield tag="373" ind1=" " ind2=" ">
    <subfield code="a">Církev československá</subfield>
  </datafield>
  <datafield tag="374" ind1=" " ind2=" ">
    <subfield code="a">faráři</subfield>
    <subfield code="a">účastníci odboje</subfield>
    <subfield code="a">regionální politici</subfield>
  </datafield>
  <datafield tag="375" ind1=" " ind2=" ">
    <subfield code="a">muž</subfield>
  </datafield>
  <datafield tag="377" ind1=" " ind2=" ">
    <subfield code="a">cze</subfield>
  </datafield>
  <datafield tag="670" ind1=" " ind2=" ">
    <subfield code="a">Broučci: úlohy pro nejmenší děti v nedělní škole CČS s použitím flanelografu od akad. malíře Karla Skály; zpracováno dle knihy Jana Karafiata Broučci (úlohy vypracovali: Bedřich Klouček, Oldřich Kozler, Luděk Kocián), 1950</subfield>
  </datafield>
  <datafield tag="670" ind1=" " ind2=" ">
    <subfield code="a">Biografický slovník Církve československé husitské (editoři: Martin Jindra, Marcel Sladkowski)</subfield>
    <subfield code="b">autoritní forma, data, biografické údaje</subfield>
  </datafield>
  <datafield tag="678" ind1="0" ind2=" ">
    <subfield code="a">Narozen 18. 7. 1909 v Nové Pace, zemřel 25. 5. 1954 v Trutnově, farář Církve československé, předseda novopackého okrsku (od roku 1951), tajemník východočeské diecéze (1954), spoluautor katechetických pomůcek nedělních škol, účastník protifašistického odboje (skupina Žižka v Sadské), předseda Revolučního národního výboru v Kostelní Lhotě (1945), zde také předseda MNV (1945-1946) a místopředseda (1948-1949); sloužil jako pomocný duchovní v Kolíně (1930-1931), farář v Semilech (1931-1935), Kostelní Lhotě (1935-1949), Trutnově (od roku 1949).</subfield>
  </datafield>
  <datafield tag="906" ind1=" " ind2=" ">
    <subfield code="a">za20201029</subfield>
    <subfield code="b">ruzena</subfield>
  </datafield>
</record>