

<record>
  <leader>     nz  a22     n  4500</leader>
  <controlfield tag="001">kon20201090786</controlfield>
  <controlfield tag="003">CZ PrNK</controlfield>
  <controlfield tag="005">20201029155752.0</controlfield>
  <controlfield tag="008">201029 n|aznnnaabn           n a|a      </controlfield>
  <datafield tag="040" ind1=" " ind2=" ">
    <subfield code="a">ABA001</subfield>
    <subfield code="b">cze</subfield>
    <subfield code="e">rda</subfield>
  </datafield>
  <datafield tag="110" ind1="2" ind2=" ">
    <subfield code="a">Státní zemská ústředna pro Království české pro péči o vrátivší se vojíny.</subfield>
    <subfield code="b">Výbor pro péči o osleplé bojovníky.</subfield>
    <subfield code="t">Výroční zpráva (Státní zemská ústředna pro Království české pro péči o vrátivší se vojíny. Výbor pro péči o osleplé bojovníky)</subfield>
    <subfield code="7">kon20201090786</subfield>
  </datafield>
  <datafield tag="410" ind1="2" ind2=" ">
    <subfield code="a">Státní zemská ústředna pro Království české pro péči o vrátivší se vojíny.</subfield>
    <subfield code="b">Výbor pro péči o osleplé bojovníky.</subfield>
    <subfield code="t">Zpráva o činnosti Výboru pro péči o osleplé bojovníky Státní zemské ústředny pro království České pro péči o vrativší se vojíny v Praze</subfield>
    <subfield code="0">o</subfield>
  </datafield>
  <datafield tag="410" ind1="2" ind2=" ">
    <subfield code="a">Státní zemská ústředna pro Království české pro péči o vrátivší se vojíny.</subfield>
    <subfield code="b">Výbor pro péči o osleplé bojovníky.</subfield>
    <subfield code="t">Zpráva o činnosti Výboru pro péči o osleplé bojovníky Státní zemské ústředny pro království České pro péči o vrativší se bojovníky v Praze</subfield>
    <subfield code="0">o</subfield>
  </datafield>
  <datafield tag="670" ind1=" " ind2=" ">
    <subfield code="a">NKC</subfield>
  </datafield>
  <datafield tag="906" ind1=" " ind2=" ">
    <subfield code="a">br20201029</subfield>
    <subfield code="b">jasv</subfield>
  </datafield>
  <datafield tag="906" ind1=" " ind2=" ">
    <subfield code="a">ks20201029</subfield>
    <subfield code="b">jasv</subfield>
  </datafield>
</record>