

<record>
  <leader>     nz  a22     n  4500</leader>
  <controlfield tag="001">aun20201090787</controlfield>
  <controlfield tag="003">CZ PrNK</controlfield>
  <controlfield tag="005">20201029162059.0</controlfield>
  <controlfield tag="008">201029|n|aznnnaabn           n a|a      </controlfield>
  <datafield tag="040" ind1=" " ind2=" ">
    <subfield code="a">ABA001</subfield>
    <subfield code="b">cze</subfield>
    <subfield code="e">rda</subfield>
  </datafield>
  <datafield tag="100" ind1="0" ind2=" ">
    <subfield code="a">Me'ir ben Jechiel,</subfield>
    <subfield code="c">mi-Brod,</subfield>
    <subfield code="d">1593-</subfield>
    <subfield code="t">Megilat rabi Meir.</subfield>
    <subfield code="l">Polsky</subfield>
    <subfield code="7">aun20201090787</subfield>
  </datafield>
  <datafield tag="400" ind1="0" ind2=" ">
    <subfield code="a">Me'ir ben Jechiel,</subfield>
    <subfield code="c">mi-Brod,</subfield>
    <subfield code="d">1593-</subfield>
    <subfield code="t">Zwój pana Meira</subfield>
    <subfield code="0">o</subfield>
  </datafield>
  <datafield tag="670" ind1=" " ind2=" ">
    <subfield code="a">NUKAT</subfield>
  </datafield>
  <datafield tag="670" ind1=" " ind2=" ">
    <subfield code="a">www(JewishEncyclopedia.com)</subfield>
  </datafield>
  <datafield tag="670" ind1=" " ind2=" ">
    <subfield code="a">Najstarsze pamiętniki Żydów krakowskich / wprowadzenie Agata Paluch, Leszek Kwiatkowski. Warszawa : PWN, 2019</subfield>
  </datafield>
  <datafield tag="906" ind1=" " ind2=" ">
    <subfield code="a">br20201029</subfield>
    <subfield code="b">hape</subfield>
  </datafield>
  <datafield tag="906" ind1=" " ind2=" ">
    <subfield code="a">ks20201029</subfield>
    <subfield code="b">hape</subfield>
  </datafield>
</record>