

<record>
  <leader>     nz  a22     n  4500</leader>
  <controlfield tag="001">aun20201090790</controlfield>
  <controlfield tag="003">CZ PrNK</controlfield>
  <controlfield tag="005">20201029161955.0</controlfield>
  <controlfield tag="008">201029|n|aznnnaabn           n a|a      </controlfield>
  <datafield tag="040" ind1=" " ind2=" ">
    <subfield code="a">ABA001</subfield>
    <subfield code="b">cze</subfield>
    <subfield code="e">rda</subfield>
  </datafield>
  <datafield tag="100" ind1="1" ind2=" ">
    <subfield code="a">Heller, Jom Tov Lipmann,</subfield>
    <subfield code="d">1579-1654.</subfield>
    <subfield code="t">Megilat ejwa.</subfield>
    <subfield code="l">Polsky</subfield>
    <subfield code="7">aun20201090790</subfield>
  </datafield>
  <datafield tag="400" ind1="1" ind2=" ">
    <subfield code="a">Heller, Jom Tov Lipmann,</subfield>
    <subfield code="d">1579-1654.</subfield>
    <subfield code="t">Zwój nienawiści</subfield>
    <subfield code="0">o</subfield>
  </datafield>
  <datafield tag="670" ind1=" " ind2=" ">
    <subfield code="a">NUKAT</subfield>
  </datafield>
  <datafield tag="670" ind1=" " ind2=" ">
    <subfield code="a">www(Wikipedie, otevřená encyklopedie)</subfield>
  </datafield>
  <datafield tag="670" ind1=" " ind2=" ">
    <subfield code="a">Najstarsze pamiętniki Żydów krakowskich / wprowadzenie Agata Paluch, Leszek Kwiatkowski. Warszawa : PWN, 2019</subfield>
  </datafield>
  <datafield tag="906" ind1=" " ind2=" ">
    <subfield code="a">br20201029</subfield>
    <subfield code="b">hape</subfield>
  </datafield>
  <datafield tag="906" ind1=" " ind2=" ">
    <subfield code="a">ks20201029</subfield>
    <subfield code="b">hape</subfield>
  </datafield>
</record>