

<record>
  <leader>     nz  a22     n  4500</leader>
  <controlfield tag="001">unn20201090792</controlfield>
  <controlfield tag="003">CZ PrNK</controlfield>
  <controlfield tag="005">20201029162651.0</controlfield>
  <controlfield tag="008">201029|n|acnnnaabn           n a|a      </controlfield>
  <datafield tag="040" ind1=" " ind2=" ">
    <subfield code="a">ABA001</subfield>
    <subfield code="b">cze</subfield>
  </datafield>
  <datafield tag="130" ind1=" " ind2="0">
    <subfield code="a">Tathlīth al-waḥdāniyya.</subfield>
    <subfield code="l">Anglicky</subfield>
    <subfield code="7">unn20201090792</subfield>
  </datafield>
  <datafield tag="430" ind1=" " ind2="0">
    <subfield code="a">Trebling of the oneness</subfield>
    <subfield code="0">o</subfield>
  </datafield>
  <datafield tag="670" ind1=" " ind2=" ">
    <subfield code="a">LC (Names)</subfield>
  </datafield>
  <datafield tag="670" ind1=" " ind2=" ">
    <subfield code="a">A companion to medieval Toledo : reconsidering the canons / edited by Yasmine Beale-Rivaya, Jason Busic. Leiden ; Boston : Brill, [2018]</subfield>
  </datafield>
  <datafield tag="906" ind1=" " ind2=" ">
    <subfield code="a">br20201029</subfield>
    <subfield code="b">hape</subfield>
  </datafield>
  <datafield tag="906" ind1=" " ind2=" ">
    <subfield code="a">ks20201029</subfield>
    <subfield code="b">hape</subfield>
  </datafield>
</record>