

<record>
  <leader>     nz  a22     n  4500</leader>
  <datafield tag="900" ind1=" " ind2=" ">
    <subfield code="a">J-NÁVRH-S</subfield>
  </datafield>
  <controlfield tag="001">js20201090799</controlfield>
  <controlfield tag="003">CZ PrNK</controlfield>
  <controlfield tag="005">20201029171739.0</controlfield>
  <controlfield tag="008">201029|n|aznnnaabn           n a|a      </controlfield>
  <datafield tag="040" ind1=" " ind2=" ">
    <subfield code="a">ABA004</subfield>
    <subfield code="b">cze</subfield>
    <subfield code="e">rda</subfield>
  </datafield>
  <datafield tag="046" ind1=" " ind2=" ">
    <subfield code="f">1899</subfield>
    <subfield code="g">1984</subfield>
  </datafield>
  <datafield tag="100" ind1="1" ind2=" ">
    <subfield code="a">Bolhar, Alojzij,</subfield>
    <subfield code="d">1899-1984</subfield>
    <subfield code="7">js20201090799</subfield>
  </datafield>
  <datafield tag="370" ind1=" " ind2=" ">
    <subfield code="c">Slovinsko</subfield>
  </datafield>
  <datafield tag="372" ind1=" " ind2=" ">
    <subfield code="a">slovinština</subfield>
    <subfield code="a">překladatelská činnost</subfield>
    <subfield code="a">publicistika</subfield>
  </datafield>
  <datafield tag="374" ind1=" " ind2=" ">
    <subfield code="a">středoškolští učitelé</subfield>
    <subfield code="a">překladatelé</subfield>
    <subfield code="a">publicisté</subfield>
  </datafield>
  <datafield tag="375" ind1=" " ind2=" ">
    <subfield code="a">muž</subfield>
  </datafield>
  <datafield tag="377" ind1=" " ind2=" ">
    <subfield code="a">slv</subfield>
    <subfield code="a">hrv</subfield>
    <subfield code="a">srp</subfield>
    <subfield code="a">bul</subfield>
  </datafield>
  <datafield tag="670" ind1=" " ind2=" ">
    <subfield code="a">CONOR.SI, cit. 29. 10. 2020</subfield>
    <subfield code="b">autoritní forma, datum narození a úmrtí</subfield>
  </datafield>
  <datafield tag="670" ind1=" " ind2=" ">
    <subfield code="a">www(Wikipedija, prosta enciklopedija), cit. 29. 10. 2020</subfield>
    <subfield code="b">biografické údaje</subfield>
    <subfield code="u">https://sl.wikipedia.org/wiki/Alojzij_Bolhar</subfield>
  </datafield>
  <datafield tag="670" ind1=" " ind2=" ">
    <subfield code="a">Bolhar, Alojzij: Slovenske pravljice. Ljubljana, 1965</subfield>
  </datafield>
  <datafield tag="678" ind1="0" ind2=" ">
    <subfield code="a">Slovinský středoškolský profesor slovinštiny, překladatel a publicista.</subfield>
  </datafield>
  <datafield tag="906" ind1=" " ind2=" ">
    <subfield code="a">za20201029</subfield>
    <subfield code="b">tapo</subfield>
  </datafield>
</record>