

<record>
  <leader>     cz  a22     n  4500</leader>
  <controlfield tag="001">ko20201090802</controlfield>
  <controlfield tag="003">CZ PrNK</controlfield>
  <controlfield tag="005">20201030071200.0</controlfield>
  <controlfield tag="008">201029|n|aznnnaabn           n a|a      </controlfield>
  <datafield tag="040" ind1=" " ind2=" ">
    <subfield code="a">ABA004</subfield>
    <subfield code="b">cze</subfield>
    <subfield code="d">ABA001</subfield>
    <subfield code="e">rda</subfield>
  </datafield>
  <datafield tag="110" ind1="2" ind2=" ">
    <subfield code="a">Opera Śląska v Bytomiu</subfield>
    <subfield code="7">ko20201090802</subfield>
  </datafield>
  <datafield tag="368" ind1=" " ind2=" ">
    <subfield code="a">hudební divadla</subfield>
  </datafield>
  <datafield tag="370" ind1=" " ind2=" ">
    <subfield code="c">Polsko</subfield>
    <subfield code="e">Bytom, Polsko</subfield>
  </datafield>
  <datafield tag="372" ind1=" " ind2=" ">
    <subfield code="a">opera</subfield>
  </datafield>
  <datafield tag="377" ind1=" " ind2=" ">
    <subfield code="a">pol</subfield>
  </datafield>
  <datafield tag="410" ind1="2" ind2=" ">
    <subfield code="a">Opera Śląska</subfield>
    <subfield code="0">o</subfield>
  </datafield>
  <datafield tag="410" ind1="2" ind2=" ">
    <subfield code="a">Panstwowa Opera Śląska v Bytomiu</subfield>
    <subfield code="0">o</subfield>
  </datafield>
  <datafield tag="670" ind1=" " ind2=" ">
    <subfield code="a">LC (Names), cit. 29. 10. 2020</subfield>
    <subfield code="b">autoritní forma</subfield>
  </datafield>
  <datafield tag="670" ind1=" " ind2=" ">
    <subfield code="a">Drzazga-Lech, Maja: Śląski Moniuszko :recepcja postaci i twórczości kompozytora na Górnym Śląsku : studium socjologiczne.Tom II,Mitotwórcze narracje moniuszkowskie w górnośląskiej kulturze : socjologiczna analiza działalności Śląskiego Związku Chórów i Orkiestr oraz Opery Śląskiej w drugiej połowie XX wieku; 2019</subfield>
  </datafield>
  <datafield tag="670" ind1=" " ind2=" ">
    <subfield code="a">www(Wikipedia, wolna encyklopedia), cit. 29. 10. 2020</subfield>
    <subfield code="b">odkaz viz</subfield>
    <subfield code="u">https://pl.wikipedia.org/wiki/Opera_%C5%9Al%C4%85ska</subfield>
  </datafield>
  <datafield tag="906" ind1=" " ind2=" ">
    <subfield code="a">za20201029</subfield>
    <subfield code="b">mahr</subfield>
  </datafield>
  <datafield tag="906" ind1=" " ind2=" ">
    <subfield code="a">op20201030</subfield>
    <subfield code="b">svsv</subfield>
    <subfield code="c">Viz - další výskyt; Související místo - doplnění</subfield>
  </datafield>
</record>