

<record>
  <leader>     cz  a22     n  4500</leader>
  <controlfield tag="001">mub20201090810</controlfield>
  <controlfield tag="003">CZ PrNK</controlfield>
  <controlfield tag="005">20201030144457.0</controlfield>
  <controlfield tag="008">201029|n|aznnnaabn           n a|a      </controlfield>
  <datafield tag="040" ind1=" " ind2=" ">
    <subfield code="a">BOD010</subfield>
    <subfield code="b">cze</subfield>
    <subfield code="d">ABA001</subfield>
    <subfield code="e">rda</subfield>
  </datafield>
  <datafield tag="046" ind1=" " ind2=" ">
    <subfield code="f">1917</subfield>
    <subfield code="g">2020</subfield>
  </datafield>
  <datafield tag="100" ind1="1" ind2=" ">
    <subfield code="a">Pawłowska, Katarzyna,</subfield>
    <subfield code="d">1917-2020</subfield>
    <subfield code="7">mub20201090810</subfield>
  </datafield>
  <datafield tag="370" ind1=" " ind2=" ">
    <subfield code="c">Polsko</subfield>
  </datafield>
  <datafield tag="372" ind1=" " ind2=" ">
    <subfield code="a">geologie</subfield>
    <subfield code="a">stratigrafie</subfield>
  </datafield>
  <datafield tag="374" ind1=" " ind2=" ">
    <subfield code="a">geoložky</subfield>
    <subfield code="a">vysokoškolské učitelky</subfield>
  </datafield>
  <datafield tag="375" ind1=" " ind2=" ">
    <subfield code="a">žena</subfield>
  </datafield>
  <datafield tag="377" ind1=" " ind2=" ">
    <subfield code="a">pol</subfield>
  </datafield>
  <datafield tag="667" ind1=" " ind2=" ">
    <subfield code="a">NUKAT uvádí rok narození 1916.</subfield>
  </datafield>
  <datafield tag="670" ind1=" " ind2=" ">
    <subfield code="a">Czarnocki, Jan: Prace geologiczne (wydanie pośmiertne pod redakcja Katarzyny i Stanisława Pawłowskich), 1965</subfield>
  </datafield>
  <datafield tag="670" ind1=" " ind2=" ">
    <subfield code="a">BNPL, cit. 29. 10. 2020</subfield>
    <subfield code="b">autoritní forma, datum narození a úmrtí</subfield>
  </datafield>
  <datafield tag="670" ind1=" " ind2=" ">
    <subfield code="a">NUKAT, cit. 30. 10. 2020</subfield>
  </datafield>
  <datafield tag="670" ind1=" " ind2=" ">
    <subfield code="a">www(Państwowy Instytut Geologiczny), cit. 29. 10. 2020</subfield>
    <subfield code="b">profesní údaje</subfield>
  </datafield>
  <datafield tag="678" ind1="0" ind2=" ">
    <subfield code="a">Polská geoložka, vysokoškolská pedagožka, specialistka na stratigrafickou geologii.</subfield>
  </datafield>
  <datafield tag="906" ind1=" " ind2=" ">
    <subfield code="a">za20201029</subfield>
    <subfield code="b">smutnax</subfield>
  </datafield>
  <datafield tag="906" ind1=" " ind2=" ">
    <subfield code="a">ko20201030</subfield>
    <subfield code="b">pospel</subfield>
  </datafield>
  <datafield tag="906" ind1=" " ind2=" ">
    <subfield code="a">op20201030</subfield>
    <subfield code="b">maku</subfield>
    <subfield code="c">interní poznámka - nově, zdroj - další výskyt</subfield>
  </datafield>
</record>