

<record>
  <leader>     nz  a22     n  4500</leader>
  <controlfield tag="001">ko20201090828</controlfield>
  <controlfield tag="003">CZ PrNK</controlfield>
  <controlfield tag="005">20201030070338.0</controlfield>
  <controlfield tag="008">201030|n|aznnnaabn           n a|a      </controlfield>
  <datafield tag="040" ind1=" " ind2=" ">
    <subfield code="a">ABA001</subfield>
    <subfield code="b">cze</subfield>
    <subfield code="e">rda</subfield>
  </datafield>
  <datafield tag="110" ind1="2" ind2=" ">
    <subfield code="a">Polski Związek Chórów i Orkiestr</subfield>
    <subfield code="7">ko20201090828</subfield>
  </datafield>
  <datafield tag="368" ind1=" " ind2=" ">
    <subfield code="a">instituce a organizace</subfield>
    <subfield code="a">profesní svazy</subfield>
  </datafield>
  <datafield tag="370" ind1=" " ind2=" ">
    <subfield code="c">Polsko</subfield>
    <subfield code="e">Varšava, Polsko</subfield>
  </datafield>
  <datafield tag="372" ind1=" " ind2=" ">
    <subfield code="a">pěvecké sbory</subfield>
    <subfield code="a">orchestry</subfield>
  </datafield>
  <datafield tag="377" ind1=" " ind2=" ">
    <subfield code="a">pol</subfield>
  </datafield>
  <datafield tag="410" ind1="2" ind2=" ">
    <subfield code="a">PZChiO</subfield>
    <subfield code="0">o</subfield>
  </datafield>
  <datafield tag="670" ind1=" " ind2=" ">
    <subfield code="a">LC (Names), cit. 30. 10. 2020</subfield>
    <subfield code="b">autoritní forma</subfield>
  </datafield>
  <datafield tag="670" ind1=" " ind2=" ">
    <subfield code="a">www(Polski Związek Chórów i Orkiestr), cit. 30. 10. 2020</subfield>
    <subfield code="u">https://www.pzchio.org/10/pl/o-zwiazku/6-pzchio.html</subfield>
    <subfield code="b">odkaz viz</subfield>
  </datafield>
  <datafield tag="670" ind1=" " ind2=" ">
    <subfield code="a">www(Wikipedia, wolna encyklopedia)Polski Związek Chórów i Orkiestr</subfield>
    <subfield code="u">https://pl.wikipedia.org/wiki/Polski_Zwi%C4%85zek_Ch%C3%B3r%C3%B3w_i_Orkiestr</subfield>
  </datafield>
  <datafield tag="670" ind1=" " ind2=" ">
    <subfield code="a">Drzazga-Lech, Maja: Śląski Moniuszko :recepcja postaci i twórczości kompozytora na Górnym Śląsku : studium socjologiczne.Tom II,Mitotwórcze narracje moniuszkowskie w górnośląskiej kulturze : socjologiczna analiza działalności Śląskiego Związku Chórów i Orkiestr oraz Opery Śląskiej w drugiej połowie XX wieku; 2019</subfield>
  </datafield>
  <datafield tag="906" ind1=" " ind2=" ">
    <subfield code="a">br20201030</subfield>
    <subfield code="b">svsv</subfield>
  </datafield>
</record>