

<record>
  <leader>     nz  a22     n  4500</leader>
  <controlfield tag="001">kon20201090841</controlfield>
  <controlfield tag="003">CZ PrNK</controlfield>
  <controlfield tag="005">20201030080339.0</controlfield>
  <controlfield tag="008">201030|n|aznnnaabn           n a|a      </controlfield>
  <datafield tag="040" ind1=" " ind2=" ">
    <subfield code="a">ABA001</subfield>
    <subfield code="b">cze</subfield>
    <subfield code="e">rda</subfield>
  </datafield>
  <datafield tag="110" ind1="2" ind2=" ">
    <subfield code="a">Tělocvičná hasičská jednota Sokol Strakonice.</subfield>
    <subfield code="t">Výroční zpráva (Tělocvičná hasičská jednota Sokol Strakonice)</subfield>
    <subfield code="7">kon20201090841</subfield>
  </datafield>
  <datafield tag="410" ind1="2" ind2=" ">
    <subfield code="a">Tělocvičná hasičská jednota Sokol Strakonice.</subfield>
    <subfield code="t">Zpráva o činnosti Tělocvičné hasičské jednoty Sokol ve Strakonicích</subfield>
    <subfield code="0">o</subfield>
  </datafield>
  <datafield tag="670" ind1=" " ind2=" ">
    <subfield code="a">Zpráva o činnosti Tělocvičné hasičské jednoty Sokol ve Strakonicích. [Strakonice] : nákladem jednoty, [1869-1907?]</subfield>
  </datafield>
  <datafield tag="906" ind1=" " ind2=" ">
    <subfield code="a">br20201030</subfield>
    <subfield code="b">juri</subfield>
  </datafield>
  <datafield tag="906" ind1=" " ind2=" ">
    <subfield code="a">ks20201030</subfield>
    <subfield code="b">juri</subfield>
  </datafield>
</record>