

<record>
  <leader>     nz  a22     n  4500</leader>
  <controlfield tag="001">kon20201090843</controlfield>
  <controlfield tag="003">CZ PrNK</controlfield>
  <controlfield tag="005">20201030082346.0</controlfield>
  <controlfield tag="008">201030|n|aznnnaabn           n a|a      </controlfield>
  <datafield tag="040" ind1=" " ind2=" ">
    <subfield code="a">ABA001</subfield>
    <subfield code="b">cze</subfield>
    <subfield code="e">rda</subfield>
  </datafield>
  <datafield tag="110" ind1="2" ind2=" ">
    <subfield code="a">Verein zur Erhaltung und Förderung des Deutschen Mädchenlyzeums in Prag.</subfield>
    <subfield code="t">Výroční zpráva (Verein zur Erhaltung und Förderung des Deutschen Mädchenlyzeums in Prag).</subfield>
    <subfield code="l">Německy</subfield>
    <subfield code="7">kon20201090843</subfield>
  </datafield>
  <datafield tag="410" ind1="2" ind2=" ">
    <subfield code="a">Verein zur Erhaltung und Förderung des Deutschen Mädchenlyzeums in Prag.</subfield>
    <subfield code="t">Bericht über die ... ordentliche Vollversammlung des Vereines zur Erhaltung und Förderung des Deutschen Mädchenlyzeums in Prag</subfield>
    <subfield code="0">o</subfield>
  </datafield>
  <datafield tag="670" ind1=" " ind2=" ">
    <subfield code="a">Bericht über die ... ordentliche Vollversammlung des Vereines zur Erhaltung und Förderung des Deutschen Mädchenlyzeums in Prag. Prag : [nakladatel není známý], [1874-1922?]</subfield>
  </datafield>
  <datafield tag="906" ind1=" " ind2=" ">
    <subfield code="a">br20201030</subfield>
    <subfield code="b">juri</subfield>
  </datafield>
  <datafield tag="906" ind1=" " ind2=" ">
    <subfield code="a">ks20201030</subfield>
    <subfield code="b">juri</subfield>
  </datafield>
</record>