

<record>
  <leader>     cz  a22     n  4500</leader>
  <controlfield tag="001">aun20201090848</controlfield>
  <controlfield tag="003">CZ PrNK</controlfield>
  <controlfield tag="005">20201030102348.0</controlfield>
  <controlfield tag="008">201030|n|acnnnaabn           n a|a      </controlfield>
  <datafield tag="040" ind1=" " ind2=" ">
    <subfield code="a">ABA001</subfield>
    <subfield code="b">cze</subfield>
  </datafield>
  <datafield tag="100" ind1="1" ind2=" ">
    <subfield code="a">Fleming, Ian,</subfield>
    <subfield code="d">1908-1964.</subfield>
    <subfield code="t">Diamonds are forever</subfield>
    <subfield code="7">aun20201090848</subfield>
  </datafield>
  <datafield tag="670" ind1=" " ind2=" ">
    <subfield code="a">Buckton, Oliver S., ed. The many facets of Diamonds are forever: James Bond on page and screen. Lanham: Lexington Books, [2019], ©2019. xi, 209 stran.</subfield>
  </datafield>
  <datafield tag="670" ind1=" " ind2=" ">
    <subfield code="a">LC (Names)</subfield>
  </datafield>
  <datafield tag="670" ind1=" " ind2=" ">
    <subfield code="a">www(Wikipedie, otevřená encyklopedie)</subfield>
  </datafield>
  <datafield tag="700" ind1="1" ind2="7">
    <subfield code="a">Fleming, Ian,</subfield>
    <subfield code="d">1908-1964.</subfield>
    <subfield code="t">Diamanty jsou věčné</subfield>
    <subfield code="2">czenas</subfield>
  </datafield>
  <datafield tag="906" ind1=" " ind2=" ">
    <subfield code="a">za20201030</subfield>
    <subfield code="b">kvfu</subfield>
  </datafield>
  <datafield tag="906" ind1=" " ind2=" ">
    <subfield code="a">op20201030</subfield>
    <subfield code="b">jave</subfield>
  </datafield>
</record>