

<record>
  <leader>     cz  a22     n  4500</leader>
  <controlfield tag="001">unn20201090849</controlfield>
  <controlfield tag="003">CZ PrNK</controlfield>
  <controlfield tag="005">20201030161942.0</controlfield>
  <controlfield tag="008">201030|n|acnnnaabn           n a|a      </controlfield>
  <datafield tag="040" ind1=" " ind2=" ">
    <subfield code="a">ABA001</subfield>
    <subfield code="b">cze</subfield>
  </datafield>
  <datafield tag="046" ind1=" " ind2=" ">
    <subfield code="k">1971</subfield>
  </datafield>
  <datafield tag="130" ind1=" " ind2="0">
    <subfield code="a">Diamonds are forever (film)</subfield>
    <subfield code="7">unn20201090849</subfield>
  </datafield>
  <datafield tag="370" ind1=" " ind2=" ">
    <subfield code="g">Velká Británie</subfield>
  </datafield>
  <datafield tag="380" ind1=" " ind2=" ">
    <subfield code="a">hrané filmy</subfield>
    <subfield code="a">dobrodružné filmy</subfield>
    <subfield code="a">thrillery (filmy)</subfield>
  </datafield>
  <datafield tag="430" ind1=" " ind2="0">
    <subfield code="w">r</subfield>
    <subfield code="i">Česká varianta názvu:</subfield>
    <subfield code="a">Diamanty jsou věčné (film)</subfield>
    <subfield code="0">o</subfield>
  </datafield>
  <datafield tag="500" ind1="1" ind2=" ">
    <subfield code="w">r</subfield>
    <subfield code="i">Předloha:</subfield>
    <subfield code="a">Fleming, Ian,</subfield>
    <subfield code="d">1908-1964.</subfield>
    <subfield code="t">Diamonds are forever</subfield>
    <subfield code="7">aun20201090848</subfield>
  </datafield>
  <datafield tag="670" ind1=" " ind2=" ">
    <subfield code="a">www(Česko-Slovenská filmová databáze), cit. 30. 10. 2020</subfield>
  </datafield>
  <datafield tag="678" ind1=" " ind2=" ">
    <subfield code="a">Akční, dobrodružný film natočený ve Velké Británii v roce 1971 podle předlohy I. Fleminga Diamanty jsou věčné.</subfield>
  </datafield>
  <datafield tag="856" ind1="4" ind2="2">
    <subfield code="u">https://www.csfd.cz/film/11533-diamanty-jsou-vecne/prehled/</subfield>
    <subfield code="4">N</subfield>
  </datafield>
  <datafield tag="906" ind1=" " ind2=" ">
    <subfield code="a">za20201030</subfield>
    <subfield code="b">kvfu</subfield>
  </datafield>
  <datafield tag="906" ind1=" " ind2=" ">
    <subfield code="a">op20201030</subfield>
    <subfield code="b">maba</subfield>
  </datafield>
</record>