

<record>
  <leader>     nz  a22     n  4500</leader>
  <controlfield tag="001">ko20201090850</controlfield>
  <controlfield tag="003">CZ PrNK</controlfield>
  <controlfield tag="005">20201030090114.0</controlfield>
  <controlfield tag="008">201030|n|aznnnaabn           n a|a      </controlfield>
  <datafield tag="040" ind1=" " ind2=" ">
    <subfield code="a">ABA001</subfield>
    <subfield code="b">cze</subfield>
    <subfield code="e">rda</subfield>
  </datafield>
  <datafield tag="110" ind1="2" ind2=" ">
    <subfield code="a">Králodvorská cementárna</subfield>
    <subfield code="7">ko20201090850</subfield>
  </datafield>
  <datafield tag="368" ind1=" " ind2=" ">
    <subfield code="a">firmy</subfield>
    <subfield code="a">akciové společnosti</subfield>
    <subfield code="a">cementárny</subfield>
  </datafield>
  <datafield tag="370" ind1=" " ind2=" ">
    <subfield code="c">Česko</subfield>
    <subfield code="e">Králův Dvůr, Česko</subfield>
    <subfield code="f">Československo</subfield>
    <subfield code="f">Rakousko-Uhersko</subfield>
  </datafield>
  <datafield tag="372" ind1=" " ind2=" ">
    <subfield code="a">průmysl cementu</subfield>
  </datafield>
  <datafield tag="377" ind1=" " ind2=" ">
    <subfield code="a">cze</subfield>
  </datafield>
  <datafield tag="410" ind1="2" ind2=" ">
    <subfield code="a">Králodvorská cementárna (1889-1953)</subfield>
    <subfield code="0">o</subfield>
  </datafield>
  <datafield tag="410" ind1="2" ind2=" ">
    <subfield code="a">Králodvorská cementárna a.s. (1889-1953)</subfield>
    <subfield code="0">o</subfield>
  </datafield>
  <datafield tag="410" ind1="2" ind2=" ">
    <subfield code="a">Králodvorská cementárna a.s.</subfield>
    <subfield code="0">o</subfield>
  </datafield>
  <datafield tag="410" ind1="2" ind2=" ">
    <subfield code="a">Králodvorská cementárna, akc. spol.</subfield>
    <subfield code="0">o</subfield>
  </datafield>
  <datafield tag="410" ind1="2" ind2=" ">
    <subfield code="a">Králodvorská cementárna, akciová společnost</subfield>
    <subfield code="0">o</subfield>
  </datafield>
  <datafield tag="410" ind1="2" ind2=" ">
    <subfield code="a">Königshofer Patent-Portland und Puzzolan Cement Fabrik</subfield>
    <subfield code="2">czeger</subfield>
    <subfield code="0">o</subfield>
  </datafield>
  <datafield tag="510" ind1="2" ind2=" ">
    <subfield code="w">b</subfield>
    <subfield code="a">Králodvorské cementárny Antonína Zápotockého</subfield>
    <subfield code="7">xx0009238</subfield>
  </datafield>
  <datafield tag="665" ind1=" " ind2=" ">
    <subfield code="a">Novější název: Králodvorské cementárny Antonína Zápotockého (1953-1990?).</subfield>
  </datafield>
  <datafield tag="670" ind1=" " ind2=" ">
    <subfield code="a">Královodvorská cementárna - výroční zpráva</subfield>
  </datafield>
  <datafield tag="670" ind1=" " ind2=" ">
    <subfield code="a">www(Badatelna.eu - Státní okresní archiv Beroun - Cementárny a vápenky Beroun, státní podnik, Králův Dvůr)</subfield>
    <subfield code="u">http://www.badatelna.eu/fond/26239</subfield>
  </datafield>
  <datafield tag="670" ind1=" " ind2=" ">
    <subfield code="a">www(Diskuze Modely.biz - Podklady pro stavbu vozů Uacs (Raj )), cit. 30. 10. 2020</subfield>
    <subfield code="b">biografické údaje</subfield>
  </datafield>
  <datafield tag="678" ind1=" " ind2=" ">
    <subfield code="a">Firma byla založena v r. 1889 v Králově Dvoře u Berouna. V r. 1946 byla znárodněna a stala se součástí n. p. České cementárny a vápenice, po r. 1953 byl změněn název na Králodvorské cementárny Antonína Zápotockého. V r. 1980 vznikl koncernový podnik CEVA Beroun složený ze závodů: Králodvorská cementárna, Velkolom Čertovy schody, Vápenka Velké Hydčice a Berounské eternitové závody. V r. 1990 byla ustavena a. s. CEVA Králův Dvůr, r. 1991 založena a. s. Králodvorská cementárna. V r. 1992 do Králodvorské cementárny vstoupil německý akcionář - společnost Heidelberg Zement. V r. 1995 vznikla společnost Cement Bohemia Praha (fúzí akciových společností Pragocement, Cement Bohemia Praha a Králodvorská cementárna), která se 1.8.1995 sloučila se společností Cementárny a vápenky Mokrá a vznikla nová a. s. Českomoravský cement.</subfield>
  </datafield>
  <datafield tag="906" ind1=" " ind2=" ">
    <subfield code="a">br20201030</subfield>
    <subfield code="b">svsv</subfield>
  </datafield>
</record>