

<record>
  <leader>     nz  a22     n  4500</leader>
  <controlfield tag="001">kon20201090853</controlfield>
  <controlfield tag="003">CZ PrNK</controlfield>
  <controlfield tag="005">20201030090607.0</controlfield>
  <controlfield tag="008">201030|n|aznnnaabn           n a|a      </controlfield>
  <datafield tag="040" ind1=" " ind2=" ">
    <subfield code="a">ABA001</subfield>
    <subfield code="b">cze</subfield>
    <subfield code="e">rda</subfield>
  </datafield>
  <datafield tag="110" ind1="2" ind2=" ">
    <subfield code="a">Freiwillige Feuerwehr (Karlovy Vary, Česko).</subfield>
    <subfield code="t">Výroční zpráva (Freiwillige Feuerwehr (Karlovy Vary, Česko)).</subfield>
    <subfield code="l">Německy</subfield>
    <subfield code="7">kon20201090853</subfield>
  </datafield>
  <datafield tag="410" ind1="2" ind2=" ">
    <subfield code="a">Freiwillige Feuerwehr (Karlovy Vary, Česko).</subfield>
    <subfield code="t">Jahres-Bericht über das 50. Geschäftsjahr 1913 der Freiwilligen Feuerwehr in Karlsbad</subfield>
    <subfield code="0">o</subfield>
  </datafield>
  <datafield tag="670" ind1=" " ind2=" ">
    <subfield code="a">Jahres-Bericht über das 50. Geschäftsjahr 1913 der Freiwilligen Feuerwehr in Karlsbad. Karlsbad : Selbstverlag der Freiwilligen Feuerwehr, 1914</subfield>
  </datafield>
  <datafield tag="906" ind1=" " ind2=" ">
    <subfield code="a">br20201030</subfield>
    <subfield code="b">juri</subfield>
  </datafield>
  <datafield tag="906" ind1=" " ind2=" ">
    <subfield code="a">ks20201030</subfield>
    <subfield code="b">juri</subfield>
  </datafield>
</record>