

<record>
  <leader>     nz  a22     n  4500</leader>
  <controlfield tag="001">unn20201090868</controlfield>
  <controlfield tag="003">CZ PrNK</controlfield>
  <controlfield tag="005">20201030101958.0</controlfield>
  <controlfield tag="008">201030|n|aznnnaabn           n a|a      </controlfield>
  <datafield tag="040" ind1=" " ind2=" ">
    <subfield code="a">ABA001</subfield>
    <subfield code="b">cze</subfield>
    <subfield code="e">rda</subfield>
  </datafield>
  <datafield tag="046" ind1=" " ind2=" ">
    <subfield code="k">1974</subfield>
    <subfield code="l">1989</subfield>
  </datafield>
  <datafield tag="130" ind1=" " ind2="0">
    <subfield code="a">Jak se máte Vondrovi (rozhlasový seriál)</subfield>
    <subfield code="7">unn20201090868</subfield>
  </datafield>
  <datafield tag="370" ind1=" " ind2=" ">
    <subfield code="g">Praha, Česko</subfield>
  </datafield>
  <datafield tag="372" ind1=" " ind2=" ">
    <subfield code="a">každodenní život</subfield>
    <subfield code="a">normalizace (1969-1989 : Československo)</subfield>
  </datafield>
  <datafield tag="380" ind1=" " ind2=" ">
    <subfield code="a">rozhlasové pořady</subfield>
    <subfield code="a">rozhlasové seriály</subfield>
    <subfield code="a">rozhlasové cykly</subfield>
  </datafield>
  <datafield tag="500" ind1="1" ind2=" ">
    <subfield code="w">r</subfield>
    <subfield code="i">Tvůrce:</subfield>
    <subfield code="a">Urbánek, Karel,</subfield>
    <subfield code="d">1930-</subfield>
    <subfield code="7">jk01140860</subfield>
    <subfield code="4">cre</subfield>
  </datafield>
  <datafield tag="500" ind1="1" ind2=" ">
    <subfield code="w">r</subfield>
    <subfield code="i">Tvůrce:</subfield>
    <subfield code="a">Švorcová, Jiřina,</subfield>
    <subfield code="d">1928-2011</subfield>
    <subfield code="7">jn20001005383</subfield>
    <subfield code="4">cre</subfield>
  </datafield>
  <datafield tag="500" ind1="1" ind2=" ">
    <subfield code="w">r</subfield>
    <subfield code="i">Tvůrce:</subfield>
    <subfield code="a">Hozová, Miroslava,</subfield>
    <subfield code="d">1944-</subfield>
    <subfield code="7">jn20000401051</subfield>
    <subfield code="4">cre</subfield>
  </datafield>
  <datafield tag="500" ind1="1" ind2=" ">
    <subfield code="w">r</subfield>
    <subfield code="i">Tvůrce:</subfield>
    <subfield code="a">Eben, Marek,</subfield>
    <subfield code="d">1957-</subfield>
    <subfield code="7">jn19981000940</subfield>
    <subfield code="4">cre</subfield>
  </datafield>
  <datafield tag="510" ind1="2" ind2=" ">
    <subfield code="w">r</subfield>
    <subfield code="i">Produkce:</subfield>
    <subfield code="a">Československý rozhlas</subfield>
    <subfield code="7">ko2002101931</subfield>
    <subfield code="4">pro</subfield>
  </datafield>
  <datafield tag="670" ind1=" " ind2=" ">
    <subfield code="a">www(Portál Českého rozhlasu), cit. 30. 10. 2020</subfield>
  </datafield>
  <datafield tag="678" ind1=" " ind2=" ">
    <subfield code="a">Normalizační seriál popisuje příhody jedné typické socialistické rodiny vysílaný v letech 1974-1989.</subfield>
  </datafield>
  <datafield tag="856" ind1="4" ind2="2">
    <subfield code="u">https://plus.rozhlas.cz/takova-normalizacni-rodinka-nekonecny-serial-jak-se-mate-vondrovi-se-vysilal-14-6512885</subfield>
    <subfield code="4">N</subfield>
  </datafield>
  <datafield tag="906" ind1=" " ind2=" ">
    <subfield code="a">br20201030</subfield>
    <subfield code="b">maba</subfield>
  </datafield>
</record>