

<record>
  <leader>     nz  a22     n  4500</leader>
  <datafield tag="900" ind1=" " ind2=" ">
    <subfield code="a">J-NÁVRH-STT</subfield>
  </datafield>
  <controlfield tag="001">ntk20201090877</controlfield>
  <controlfield tag="003">CZ PrNK</controlfield>
  <controlfield tag="005">20201030110110.0</controlfield>
  <controlfield tag="008">201030|n|aznnnaabn           n a|a      </controlfield>
  <datafield tag="024" ind1="7" ind2=" ">
    <subfield code="a">0000000013524832</subfield>
    <subfield code="2">isni</subfield>
  </datafield>
  <datafield tag="024" ind1="7" ind2=" ">
    <subfield code="a">Q55874787</subfield>
    <subfield code="2">wikidata</subfield>
  </datafield>
  <datafield tag="040" ind1=" " ind2=" ">
    <subfield code="a">ABA013</subfield>
    <subfield code="b">cze</subfield>
    <subfield code="e">rda</subfield>
  </datafield>
  <datafield tag="046" ind1=" " ind2=" ">
    <subfield code="f">1589</subfield>
    <subfield code="g">1630</subfield>
  </datafield>
  <datafield tag="100" ind1="1" ind2=" ">
    <subfield code="a">Frauenburger, Johann Gerhard,</subfield>
    <subfield code="d">1589-1630</subfield>
    <subfield code="7">ntk20201090877</subfield>
  </datafield>
  <datafield tag="368" ind1=" " ind2=" ">
    <subfield code="d">Dt. Jurist</subfield>
    <subfield code="d">Professor</subfield>
  </datafield>
  <datafield tag="370" ind1=" " ind2=" ">
    <subfield code="a">Norimberk, Německo</subfield>
    <subfield code="b">Altdorf bei Nürnberg, Německo</subfield>
    <subfield code="c">Německo</subfield>
    <subfield code="f">Altdorf bei Nürnberg, Německo</subfield>
  </datafield>
  <datafield tag="372" ind1=" " ind2=" ">
    <subfield code="a">právo</subfield>
    <subfield code="a">politika</subfield>
  </datafield>
  <datafield tag="373" ind1=" " ind2=" ">
    <subfield code="a">Academia Altorfina</subfield>
    <subfield code="2">LC (Names)</subfield>
  </datafield>
  <datafield tag="374" ind1=" " ind2=" ">
    <subfield code="a">právníci</subfield>
    <subfield code="a">vysokoškolští učitelé</subfield>
  </datafield>
  <datafield tag="375" ind1=" " ind2=" ">
    <subfield code="a">muž</subfield>
  </datafield>
  <datafield tag="377" ind1=" " ind2=" ">
    <subfield code="a">lat</subfield>
    <subfield code="a">ger</subfield>
  </datafield>
  <datafield tag="400" ind1="1" ind2=" ">
    <subfield code="a">Frauenburg, Johann Gerhard,</subfield>
    <subfield code="d">1589-1630</subfield>
    <subfield code="0">o</subfield>
  </datafield>
  <datafield tag="400" ind1="1" ind2=" ">
    <subfield code="a">Frauenburger, Johannes Gerhard,</subfield>
    <subfield code="d">1589-1630</subfield>
    <subfield code="0">o</subfield>
  </datafield>
  <datafield tag="400" ind1="1" ind2=" ">
    <subfield code="a">Frawenburger, Johannes Gerhard,</subfield>
    <subfield code="d">1589-1630</subfield>
    <subfield code="0">o</subfield>
  </datafield>
  <datafield tag="400" ind1="1" ind2=" ">
    <subfield code="a">Frawenburger, Johan Gerhard,</subfield>
    <subfield code="d">1589-1630</subfield>
    <subfield code="0">o</subfield>
  </datafield>
  <datafield tag="400" ind1="1" ind2=" ">
    <subfield code="a">Frauenburger, Johan-Gerhard,</subfield>
    <subfield code="d">1589-1630</subfield>
    <subfield code="0">o</subfield>
  </datafield>
  <datafield tag="400" ind1="1" ind2=" ">
    <subfield code="a">Frauenburger, Gerhard,</subfield>
    <subfield code="d">1589-1630</subfield>
    <subfield code="0">o</subfield>
  </datafield>
  <datafield tag="400" ind1="1" ind2=" ">
    <subfield code="a">Frauenburgus, Johannes Gerhard,</subfield>
    <subfield code="d">1589-1630</subfield>
    <subfield code="0">o</subfield>
  </datafield>
  <datafield tag="400" ind1="1" ind2=" ">
    <subfield code="a">Frauenburgius, Johannes Gerhard,</subfield>
    <subfield code="d">1589-1630</subfield>
    <subfield code="0">o</subfield>
  </datafield>
  <datafield tag="400" ind1="1" ind2=" ">
    <subfield code="a">Frauenburgius, Johannes Gerhardus,</subfield>
    <subfield code="d">1589-1630</subfield>
    <subfield code="0">o</subfield>
  </datafield>
  <datafield tag="400" ind1="1" ind2=" ">
    <subfield code="a">Frauenburgus, Joh. Gerhardus,</subfield>
    <subfield code="d">1589-1630</subfield>
    <subfield code="0">o</subfield>
  </datafield>
  <datafield tag="400" ind1="1" ind2=" ">
    <subfield code="a">Frauenburg, J. G.,</subfield>
    <subfield code="d">1589-1630</subfield>
    <subfield code="0">o</subfield>
  </datafield>
  <datafield tag="400" ind1="1" ind2=" ">
    <subfield code="a">Fravenbvrgervs, Io. Gerhard,</subfield>
    <subfield code="d">1589-1630</subfield>
    <subfield code="0">o</subfield>
  </datafield>
  <datafield tag="400" ind1="1" ind2=" ">
    <subfield code="a">Frauenburgerus, Johan-Gerhardus,</subfield>
    <subfield code="d">1589-1630</subfield>
    <subfield code="0">o</subfield>
  </datafield>
  <datafield tag="400" ind1="1" ind2=" ">
    <subfield code="a">Frauenburgus, Johannes Gerhardus,</subfield>
    <subfield code="d">1589-1630</subfield>
    <subfield code="0">o</subfield>
  </datafield>
  <datafield tag="400" ind1="1" ind2=" ">
    <subfield code="a">Fravenburgus, Johannes Gerhardus,</subfield>
    <subfield code="d">1589-1630</subfield>
    <subfield code="0">o</subfield>
  </datafield>
  <datafield tag="400" ind1="1" ind2=" ">
    <subfield code="a">Frawenburger, Johan Gerhardus,</subfield>
    <subfield code="d">1589-1630</subfield>
    <subfield code="0">o</subfield>
  </datafield>
  <datafield tag="400" ind1="1" ind2=" ">
    <subfield code="a">Gerhardus, Johannes,</subfield>
    <subfield code="c">Frauenburgus,</subfield>
    <subfield code="d">1589-1630</subfield>
    <subfield code="0">o</subfield>
  </datafield>
  <datafield tag="667" ind1=" " ind2=" ">
    <subfield code="a">http://d-nb.info/gnd/11537762X.</subfield>
  </datafield>
  <datafield tag="670" ind1=" " ind2=" ">
    <subfield code="a">GEOMETRIÆ PRACTICÆ NOVÆ. Tractatus I., Darinnen auß rechtem Fundament gewisen wird, ... Durch M. Danielem Schwenter ... Nürnberg: bey Simon Halbmayern, 1618. Vorrede an den Leser. ... Iohannes Gerhardus Frauenburgus, I. V. D., ...</subfield>
    <subfield code="b">odkaz viz</subfield>
    <subfield code="u">http://nbn-resolving.de/urn:nbn:de:bsz:14-db-id2726386093</subfield>
  </datafield>
  <datafield tag="670" ind1=" " ind2=" ">
    <subfield code="a">DNB, cit. 30. 10. 2020</subfield>
    <subfield code="b">autoritní forma, odkazy viz, datum a místo narození a úmrtí, místo činnosti, biografické a profesní údaje</subfield>
    <subfield code="u">http://d-nb.info/gnd/11537762X</subfield>
  </datafield>
  <datafield tag="678" ind1="0" ind2=" ">
    <subfield code="a">Německý právník a vysokoškolský učitel. Působil jako profesor na „Academia Altdorfina“ (Altdorf bei Nürnberg, Německo), která v r. 1622 získala statut univerzity.</subfield>
  </datafield>
  <datafield tag="906" ind1=" " ind2=" ">
    <subfield code="a">za20201030</subfield>
    <subfield code="b">evbr</subfield>
  </datafield>
  <datafield tag="906" ind1=" " ind2=" ">
    <subfield code="a">ko20201030</subfield>
    <subfield code="b">evbr</subfield>
  </datafield>
</record>