

<record>
  <leader>     nz  a22     n  4500</leader>
  <controlfield tag="001">jo20201090880</controlfield>
  <controlfield tag="003">CZ PrNK</controlfield>
  <controlfield tag="005">20201030112653.0</controlfield>
  <controlfield tag="008">201030|n|aznnnaabn           n a|a      </controlfield>
  <datafield tag="040" ind1=" " ind2=" ">
    <subfield code="a">ABA001</subfield>
    <subfield code="b">cze</subfield>
    <subfield code="e">rda</subfield>
  </datafield>
  <datafield tag="046" ind1=" " ind2=" ">
    <subfield code="f">1943</subfield>
  </datafield>
  <datafield tag="100" ind1="1" ind2=" ">
    <subfield code="a">Kinsey, Bernard,</subfield>
    <subfield code="d">1943-</subfield>
    <subfield code="7">jo20201090880</subfield>
  </datafield>
  <datafield tag="370" ind1=" " ind2=" ">
    <subfield code="a">West Palm Beach, Florida</subfield>
    <subfield code="c">Spojené státy americké</subfield>
    <subfield code="f">Los Angeles, Kalifornie</subfield>
  </datafield>
  <datafield tag="372" ind1=" " ind2=" ">
    <subfield code="a">umělecké sbírky</subfield>
    <subfield code="a">afroamerické umění</subfield>
    <subfield code="a">mecenášství</subfield>
    <subfield code="a">sběratelství</subfield>
  </datafield>
  <datafield tag="374" ind1=" " ind2=" ">
    <subfield code="a">sběratelé umění</subfield>
    <subfield code="a">filantropové</subfield>
    <subfield code="a">podnikatelé</subfield>
  </datafield>
  <datafield tag="375" ind1=" " ind2=" ">
    <subfield code="a">muž</subfield>
  </datafield>
  <datafield tag="377" ind1=" " ind2=" ">
    <subfield code="a">eng</subfield>
  </datafield>
  <datafield tag="670" ind1=" " ind2=" ">
    <subfield code="a">Gruenewald, Tim, ed. Rethinking America's past: voices from the Kinsey African American Art and History Collection. Cincinnati: University of Cincinnati Press, 2019</subfield>
  </datafield>
  <datafield tag="670" ind1=" " ind2=" ">
    <subfield code="a">www(Wikipedia, the free encyclopedia), cit. 30. 10. 2020</subfield>
    <subfield code="b">biografické údaje</subfield>
    <subfield code="u">https://en.wikipedia.org/wiki/Bernard_Kinsey</subfield>
  </datafield>
  <datafield tag="670" ind1=" " ind2=" ">
    <subfield code="a">LC (Names), cit. 30. 10. 2020</subfield>
    <subfield code="b">autoritní forma, datum narození, biografické údaje</subfield>
  </datafield>
  <datafield tag="678" ind1="0" ind2=" ">
    <subfield code="a">Americký podnikatel, filantrop, politický komentátor, bývalý manažer Xerox Corporation, mezinárodní ekonomický konzultant a honorární konzul ve Středoafrické republice. Sběratel a majitel sbírek afroamerického umění, knih a rukopisů. Spoluzakladatel Bernard and Shirley Kinsey Foundation pro podporu vzdělávání a porozumění afroamerické kultuře a historii.</subfield>
  </datafield>
  <datafield tag="906" ind1=" " ind2=" ">
    <subfield code="a">br20201030</subfield>
    <subfield code="b">beba</subfield>
  </datafield>
</record>