

<record>
  <leader>     nz  a22     n  4500</leader>
  <datafield tag="900" ind1=" " ind2=" ">
    <subfield code="a">*J-NÁVRH</subfield>
  </datafield>
  <controlfield tag="001">mzk20201090881</controlfield>
  <controlfield tag="003">CZ PrNK</controlfield>
  <controlfield tag="005">20201030110333.0</controlfield>
  <controlfield tag="008">201030|n|aznnnaabn           n a|a      </controlfield>
  <datafield tag="024" ind1="7" ind2=" ">
    <subfield code="a">Q99738</subfield>
    <subfield code="2">wikidata</subfield>
  </datafield>
  <datafield tag="024" ind1="7" ind2=" ">
    <subfield code="a">0000000397409699</subfield>
    <subfield code="2">isni</subfield>
  </datafield>
  <datafield tag="040" ind1=" " ind2=" ">
    <subfield code="a">BOA001</subfield>
    <subfield code="b">cze</subfield>
    <subfield code="e">rda</subfield>
  </datafield>
  <datafield tag="046" ind1=" " ind2=" ">
    <subfield code="f">1899</subfield>
    <subfield code="g">1966</subfield>
  </datafield>
  <datafield tag="100" ind1="1" ind2=" ">
    <subfield code="a">Ilgner, Max,</subfield>
    <subfield code="d">1899-1966</subfield>
    <subfield code="7">mzk20201090881</subfield>
  </datafield>
  <datafield tag="370" ind1=" " ind2=" ">
    <subfield code="b">Schwetzingen, Německo</subfield>
    <subfield code="c">Německo</subfield>
  </datafield>
  <datafield tag="372" ind1=" " ind2=" ">
    <subfield code="a">chemie</subfield>
    <subfield code="a">ekonomie</subfield>
  </datafield>
  <datafield tag="374" ind1=" " ind2=" ">
    <subfield code="a">chemici</subfield>
    <subfield code="a">ekonomové</subfield>
    <subfield code="a">podnikatelé</subfield>
  </datafield>
  <datafield tag="375" ind1=" " ind2=" ">
    <subfield code="a">muž</subfield>
  </datafield>
  <datafield tag="377" ind1=" " ind2=" ">
    <subfield code="a">ger</subfield>
  </datafield>
  <datafield tag="400" ind1="1" ind2=" ">
    <subfield code="a">Jlgner, Max,</subfield>
    <subfield code="d">1899-1966</subfield>
    <subfield code="0">o</subfield>
  </datafield>
  <datafield tag="670" ind1=" " ind2=" ">
    <subfield code="a">Ilgner, Max: Exportsteigerung durch Einschaltung in die Industrialisierung der Welt, 1938</subfield>
  </datafield>
  <datafield tag="670" ind1=" " ind2=" ">
    <subfield code="a">DNB, cit. 30. 10. 2020</subfield>
    <subfield code="b">autoritní forma, odkaz viz, biografické údaje, rok a místo narození, rok a místo úmrtí</subfield>
  </datafield>
  <datafield tag="670" ind1=" " ind2=" ">
    <subfield code="a">www(Wikipedia, die freie Enzyklopädie), cit. 30. 10. 2020</subfield>
    <subfield code="b">biografické údaje, rok a místo narození, rok a místo úmrtí</subfield>
    <subfield code="u">https://de.wikipedia.org/wiki/Max_Ilgner</subfield>
  </datafield>
  <datafield tag="678" ind1="0" ind2=" ">
    <subfield code="a">Německý chemik a ekonom, během II. světové války působil jako vojenský ekonom pro nacistický režim.</subfield>
  </datafield>
  <datafield tag="906" ind1=" " ind2=" ">
    <subfield code="a">za20201030</subfield>
    <subfield code="b">basiil</subfield>
  </datafield>
</record>