

<record>
  <leader>     nz  a22     n  4500</leader>
  <datafield tag="900" ind1=" " ind2=" ">
    <subfield code="a">J-NÁVRH-STT</subfield>
  </datafield>
  <controlfield tag="001">ntk20201090889</controlfield>
  <controlfield tag="003">CZ PrNK</controlfield>
  <controlfield tag="005">20201030112330.0</controlfield>
  <controlfield tag="008">201030|n|aznnnaabn           n a|a      </controlfield>
  <datafield tag="024" ind1="7" ind2=" ">
    <subfield code="a">Q95286451</subfield>
    <subfield code="2">wikidata</subfield>
  </datafield>
  <datafield tag="040" ind1=" " ind2=" ">
    <subfield code="a">ABA013</subfield>
    <subfield code="b">cze</subfield>
    <subfield code="e">rda</subfield>
  </datafield>
  <datafield tag="046" ind1=" " ind2=" ">
    <subfield code="g">1626</subfield>
  </datafield>
  <datafield tag="100" ind1="1" ind2=" ">
    <subfield code="a">Fuchs von Bimbach auf Möhren, Johann Philipp,</subfield>
    <subfield code="d">-1626</subfield>
    <subfield code="7">ntk20201090889</subfield>
  </datafield>
  <datafield tag="368" ind1=" " ind2=" ">
    <subfield code="d">General</subfield>
  </datafield>
  <datafield tag="370" ind1=" " ind2=" ">
    <subfield code="b">Lutter am Barenberge, Německo</subfield>
    <subfield code="c">Německo</subfield>
  </datafield>
  <datafield tag="372" ind1=" " ind2=" ">
    <subfield code="a">politika</subfield>
    <subfield code="a">vojenství</subfield>
    <subfield code="a">válečnictví</subfield>
  </datafield>
  <datafield tag="374" ind1=" " ind2=" ">
    <subfield code="a">šlechtici</subfield>
    <subfield code="a">důstojníci</subfield>
    <subfield code="a">generálové</subfield>
  </datafield>
  <datafield tag="375" ind1=" " ind2=" ">
    <subfield code="a">muž</subfield>
  </datafield>
  <datafield tag="377" ind1=" " ind2=" ">
    <subfield code="a">ger</subfield>
  </datafield>
  <datafield tag="400" ind1="1" ind2=" ">
    <subfield code="a">Bimbach auf Möhren, Johann Philipp Fuchs von,</subfield>
    <subfield code="d">-1626</subfield>
    <subfield code="0">o</subfield>
  </datafield>
  <datafield tag="400" ind1="1" ind2=" ">
    <subfield code="a">Möhren, Johann Philipp Fuchs von Bimbach,</subfield>
    <subfield code="d">-1626</subfield>
    <subfield code="0">o</subfield>
  </datafield>
  <datafield tag="400" ind1="1" ind2=" ">
    <subfield code="a">Fuchsen von Bimbach, zu Möhren, Johann Philip,</subfield>
    <subfield code="d">-1626</subfield>
    <subfield code="0">o</subfield>
  </datafield>
  <datafield tag="667" ind1=" " ind2=" ">
    <subfield code="a">http://d-nb.info/gnd/107272698X.</subfield>
  </datafield>
  <datafield tag="670" ind1=" " ind2=" ">
    <subfield code="a">GEOMETRIA PRACTICA NOVA. Tractatus II., Ohne einig Künstlich Geometrisch Instrument, ... Durch M. Danielem Schwenter ... Nürnberg: bey Simon Halbmayern, 1617. [Dedikace]: Dem ... Herrn Johann Philips Fuchsen von Bimbach, zu Möhren</subfield>
    <subfield code="b">odkaz viz</subfield>
    <subfield code="u">http://mdz-nbn-resolving.de/urn:nbn:de:bvb:12-bsb10053851-1</subfield>
  </datafield>
  <datafield tag="670" ind1=" " ind2=" ">
    <subfield code="a">DNB, cit. 30. 10. 2020</subfield>
    <subfield code="b">autoritní forma, odkazy viz, datum a místo úmrtí, biografické a profesní údaje</subfield>
    <subfield code="u">http://d-nb.info/gnd/107272698X</subfield>
  </datafield>
  <datafield tag="670" ind1=" " ind2=" ">
    <subfield code="a">www(Historisches Lexikon Bayerns, Fuchs, Adelsfamilie), cit 30. 10. 2020</subfield>
    <subfield code="b">biografické údaje, portrét (mědirytina)</subfield>
    <subfield code="u">https://www.historisches-lexikon-bayerns.de/Lexikon/Fuchs,_Adelsfamilie</subfield>
  </datafield>
  <datafield tag="678" ind1="0" ind2=" ">
    <subfield code="a">Německý šlechtic z rodiny „Fuchs“ (Fuchs von Bimbach). Od r. 1617 vlastnil hrad Cronheim poblíž města Gunzenhausen u Norimberka. Od r. 1625 byl generálem v dánských službách, padl 27. srpna 1626 v bitvě u Lutter am Barenberge. Jeho jméno bývá uváděno v publikacích 17. století v roli dedikanta.</subfield>
  </datafield>
  <datafield tag="906" ind1=" " ind2=" ">
    <subfield code="a">za20201030</subfield>
    <subfield code="b">evbr</subfield>
  </datafield>
  <datafield tag="906" ind1=" " ind2=" ">
    <subfield code="a">ko20201030</subfield>
    <subfield code="b">evbr</subfield>
  </datafield>
</record>