

<record>
  <leader>     nz  a22     n  4500</leader>
  <controlfield tag="001">jo20201090891</controlfield>
  <controlfield tag="003">CZ PrNK</controlfield>
  <controlfield tag="005">20201030112719.0</controlfield>
  <controlfield tag="008">201030|n|aznnnaabn           n a|a      </controlfield>
  <datafield tag="040" ind1=" " ind2=" ">
    <subfield code="a">ABA001</subfield>
    <subfield code="b">cze</subfield>
    <subfield code="e">rda</subfield>
  </datafield>
  <datafield tag="046" ind1=" " ind2=" ">
    <subfield code="f">1946</subfield>
  </datafield>
  <datafield tag="100" ind1="1" ind2=" ">
    <subfield code="a">Kinsey, Shirley,</subfield>
    <subfield code="d">1946-</subfield>
    <subfield code="7">jo20201090891</subfield>
  </datafield>
  <datafield tag="368" ind1=" " ind2=" ">
    <subfield code="d">M.A., Pepperdine University (Multi-Cultural Education)</subfield>
    <subfield code="s">1976</subfield>
  </datafield>
  <datafield tag="370" ind1=" " ind2=" ">
    <subfield code="c">Spojené státy americké</subfield>
    <subfield code="f">Los Angeles, Kalifornie</subfield>
  </datafield>
  <datafield tag="372" ind1=" " ind2=" ">
    <subfield code="a">umělecké sbírky</subfield>
    <subfield code="a">afroamerické umění</subfield>
    <subfield code="a">sběratelství</subfield>
    <subfield code="a">mecenášství</subfield>
  </datafield>
  <datafield tag="374" ind1=" " ind2=" ">
    <subfield code="a">filantropky</subfield>
    <subfield code="a">mecenášky</subfield>
    <subfield code="a">sběratelky umění</subfield>
  </datafield>
  <datafield tag="375" ind1=" " ind2=" ">
    <subfield code="a">žena</subfield>
  </datafield>
  <datafield tag="377" ind1=" " ind2=" ">
    <subfield code="a">eng</subfield>
  </datafield>
  <datafield tag="400" ind1="1" ind2=" ">
    <subfield code="a">Kinsey, Shirley Rose,</subfield>
    <subfield code="d">1946-</subfield>
    <subfield code="0">o</subfield>
  </datafield>
  <datafield tag="400" ind1="1" ind2=" ">
    <subfield code="a">Pooler Kinsey, Shirley,</subfield>
    <subfield code="d">1946-</subfield>
    <subfield code="0">o</subfield>
  </datafield>
  <datafield tag="400" ind1="1" ind2=" ">
    <subfield code="w">r</subfield>
    <subfield code="i">Rodné jméno:</subfield>
    <subfield code="a">Pooler, Shirley,</subfield>
    <subfield code="d">1946-</subfield>
    <subfield code="0">o</subfield>
  </datafield>
  <datafield tag="670" ind1=" " ind2=" ">
    <subfield code="a">Gruenewald, Tim, ed. Rethinking America's past: voices from the Kinsey African American Art and History Collection. Cincinnati: University of Cincinnati Press, 2019</subfield>
  </datafield>
  <datafield tag="670" ind1=" " ind2=" ">
    <subfield code="a">www(Kinsey Foundation - The HistoryMakers), cit. 30. 10. 2020</subfield>
    <subfield code="b">datum narození, biografické údaje, odkaz viz</subfield>
  </datafield>
  <datafield tag="670" ind1=" " ind2=" ">
    <subfield code="a">LC (Names), cit. 30. 10. 2020</subfield>
    <subfield code="b">autoritní forma, odkaz viz</subfield>
  </datafield>
  <datafield tag="678" ind1="0" ind2=" ">
    <subfield code="a">Americká filantropka, sběratelka a majitelka sbírek afroamerického umění, knih a rukopisů. Spoluzakladatelka Bernard and Shirley Kinsey Foundation pro podporu vzdělávání a porozumění afroamerické kultuře a historii.</subfield>
  </datafield>
  <datafield tag="906" ind1=" " ind2=" ">
    <subfield code="a">br20201030</subfield>
    <subfield code="b">beba</subfield>
  </datafield>
</record>