

<record>
  <leader>     nz  a22     n  4500</leader>
  <datafield tag="900" ind1=" " ind2=" ">
    <subfield code="a">*J-NÁVRH</subfield>
  </datafield>
  <controlfield tag="001">mzk20201090892</controlfield>
  <controlfield tag="003">CZ PrNK</controlfield>
  <controlfield tag="005">20201030112608.0</controlfield>
  <controlfield tag="008">201030|n|aznnnaabn           n a|a      </controlfield>
  <datafield tag="024" ind1="7" ind2=" ">
    <subfield code="a">000000038968587X</subfield>
    <subfield code="2">isni</subfield>
  </datafield>
  <datafield tag="024" ind1="7" ind2=" ">
    <subfield code="a">Q4189551</subfield>
    <subfield code="2">wikidata</subfield>
  </datafield>
  <datafield tag="040" ind1=" " ind2=" ">
    <subfield code="a">BOA001</subfield>
    <subfield code="b">cze</subfield>
    <subfield code="e">rda</subfield>
  </datafield>
  <datafield tag="046" ind1=" " ind2=" ">
    <subfield code="f">1896</subfield>
    <subfield code="g">1996</subfield>
  </datafield>
  <datafield tag="100" ind1="1" ind2=" ">
    <subfield code="a">Zverev, Maksim Dmitrijevič,</subfield>
    <subfield code="d">1896-1996</subfield>
    <subfield code="7">mzk20201090892</subfield>
  </datafield>
  <datafield tag="370" ind1=" " ind2=" ">
    <subfield code="a">Barnaul, Rusko</subfield>
    <subfield code="b">Almaty, Kazachstán</subfield>
    <subfield code="c">Rusko</subfield>
    <subfield code="c">Kazachstán</subfield>
  </datafield>
  <datafield tag="372" ind1=" " ind2=" ">
    <subfield code="a">literární tvorba</subfield>
    <subfield code="a">dětská literatura</subfield>
    <subfield code="a">zoologie</subfield>
    <subfield code="a">přírodověda</subfield>
  </datafield>
  <datafield tag="374" ind1=" " ind2=" ">
    <subfield code="a">spisovatelé</subfield>
    <subfield code="a">zoologové</subfield>
    <subfield code="a">přírodovědci</subfield>
    <subfield code="a">vysokoškolští učitelé</subfield>
  </datafield>
  <datafield tag="375" ind1=" " ind2=" ">
    <subfield code="a">muž</subfield>
  </datafield>
  <datafield tag="377" ind1=" " ind2=" ">
    <subfield code="a">rus</subfield>
  </datafield>
  <datafield tag="670" ind1=" " ind2=" ">
    <subfield code="a">Zverev, Maksim Dmitrijevič: Lesnyje doktora, 1982</subfield>
  </datafield>
  <datafield tag="670" ind1=" " ind2=" ">
    <subfield code="a">RSL, cit. 30. 10. 2020</subfield>
    <subfield code="b">autoritní forma</subfield>
  </datafield>
  <datafield tag="670" ind1=" " ind2=" ">
    <subfield code="a">www(Vikipedija, svobodnaja ènciklopedija), cit. 30. 10. 2020</subfield>
    <subfield code="b">biografické údaje, rok narození, rok úmrtí, místo narození</subfield>
    <subfield code="u">https://ru.wikipedia.org/</subfield>
  </datafield>
  <datafield tag="670" ind1=" " ind2=" ">
    <subfield code="a">www(Oficial‘nyj sajt Pravitel‘stva Altajskogo kraja), cit. 30. 0. 2020</subfield>
    <subfield code="b">biografické údaje, místo úmrtí</subfield>
    <subfield code="u">https://www.altairegion22.ru/authorities/culture/zverev-maksim-dmitrievich-18961996</subfield>
  </datafield>
  <datafield tag="678" ind1="0" ind2=" ">
    <subfield code="a">Ruský spisovatel, též autor dětských knih o přírodě. Původni profesí zoolog, přírodovědec a vysokoškolský učitel. Žil a působil v Kazachstánu.</subfield>
  </datafield>
  <datafield tag="906" ind1=" " ind2=" ">
    <subfield code="a">za20201030</subfield>
    <subfield code="b">svobal</subfield>
  </datafield>
</record>