

<record>
  <leader>     nz  a22     n  4500</leader>
  <datafield tag="900" ind1=" " ind2=" ">
    <subfield code="a">J-NÁVRH</subfield>
  </datafield>
  <controlfield tag="001">xx0253387</controlfield>
  <controlfield tag="003">CZ PrNK</controlfield>
  <controlfield tag="005">20201030112206.1</controlfield>
  <controlfield tag="008">201030|n|aznnnaabn           n a|a      </controlfield>
  <datafield tag="040" ind1=" " ind2=" ">
    <subfield code="a">ABA008</subfield>
    <subfield code="b">cze</subfield>
    <subfield code="e">rda</subfield>
  </datafield>
  <datafield tag="100" ind1="1" ind2=" ">
    <subfield code="a">Brejcha, Tomáš,</subfield>
    <subfield code="d">1977-</subfield>
    <subfield code="7">xx0253387</subfield>
  </datafield>
  <datafield tag="368" ind1=" " ind2=" ">
    <subfield code="d">Bc.</subfield>
    <subfield code="s">2010</subfield>
  </datafield>
  <datafield tag="370" ind1=" " ind2=" ">
    <subfield code="c">Česko</subfield>
  </datafield>
  <datafield tag="372" ind1=" " ind2=" ">
    <subfield code="a">adiktologie</subfield>
    <subfield code="a">psychoterapie</subfield>
    <subfield code="a">sociální práce</subfield>
  </datafield>
  <datafield tag="374" ind1=" " ind2=" ">
    <subfield code="a">sociální pracovníci</subfield>
    <subfield code="a">psychoterapeuti</subfield>
  </datafield>
  <datafield tag="375" ind1=" " ind2=" ">
    <subfield code="a">muž</subfield>
  </datafield>
  <datafield tag="377" ind1=" " ind2=" ">
    <subfield code="a">cze</subfield>
  </datafield>
  <datafield tag="670" ind1=" " ind2=" ">
    <subfield code="a">Brejcha, Tomáš: Další setkání Odborné sekce pro výkon profese adiktologa (OSPA) hostila organizace Remedis v Praze. Adiktologie v preventivní a léčebné praxi, 2019, roč. 2, č. 2, s. 139-140.</subfield>
    <subfield code="b">autoritní forma</subfield>
  </datafield>
  <datafield tag="670" ind1=" " ind2=" ">
    <subfield code="a">www(Adiktologická poradna - PREVENT 99), cit. 29. 10. 2020</subfield>
    <subfield code="b">profesní data, pracoviště</subfield>
  </datafield>
  <datafield tag="670" ind1=" " ind2=" ">
    <subfield code="a">www(Theses.cz), cit. 29. 10. 2020</subfield>
    <subfield code="b">rok získání titulu</subfield>
  </datafield>
  <datafield tag="670" ind1=" " ind2=" ">
    <subfield code="a">(Tomáš Brejcha a Jihočeský streetwork. In: StreetWork.cz) 6. 12. 2019, cit. 29. 10. 2020</subfield>
    <subfield code="b">rok narození</subfield>
  </datafield>
  <datafield tag="678" ind1="0" ind2=" ">
    <subfield code="a">Narozen v roce 1977. Bc., adiktolog, sociální pracovník, psychoterapeut (Adiktologická poradna PREVENT 99, České Budějovice).</subfield>
  </datafield>
  <datafield tag="906" ind1=" " ind2=" ">
    <subfield code="a">za20201030</subfield>
    <subfield code="b">xleka</subfield>
  </datafield>
</record>