

<record>
  <leader>     nz  a22     n  4500</leader>
  <datafield tag="900" ind1=" " ind2=" ">
    <subfield code="a">J-NÁVRH-STT</subfield>
  </datafield>
  <controlfield tag="001">ntk20201090898</controlfield>
  <controlfield tag="003">CZ PrNK</controlfield>
  <controlfield tag="005">20201030114632.0</controlfield>
  <controlfield tag="008">201030|n|aznnnaabn           n a|a      </controlfield>
  <datafield tag="024" ind1="7" ind2=" ">
    <subfield code="a">0000000015458453</subfield>
    <subfield code="2">isni</subfield>
  </datafield>
  <datafield tag="024" ind1="7" ind2=" ">
    <subfield code="a">Q94781899</subfield>
    <subfield code="2">wikidata</subfield>
  </datafield>
  <datafield tag="040" ind1=" " ind2=" ">
    <subfield code="a">ABA013</subfield>
    <subfield code="b">cze</subfield>
    <subfield code="e">rda</subfield>
  </datafield>
  <datafield tag="046" ind1=" " ind2=" ">
    <subfield code="f">1570</subfield>
    <subfield code="g">1631</subfield>
  </datafield>
  <datafield tag="100" ind1="1" ind2=" ">
    <subfield code="a">Mauricius, Georg,</subfield>
    <subfield code="d">1570-1631</subfield>
    <subfield code="7">ntk20201090898</subfield>
  </datafield>
  <datafield tag="368" ind1=" " ind2=" ">
    <subfield code="d">Professor für Poesie</subfield>
    <subfield code="s">1623</subfield>
  </datafield>
  <datafield tag="370" ind1=" " ind2=" ">
    <subfield code="a">Lutherstadt Wittenberg, Německo</subfield>
    <subfield code="b">Altdorf bei Nürnberg, Německo</subfield>
    <subfield code="c">Německo</subfield>
    <subfield code="f">Altdorf bei Nürnberg, Německo</subfield>
  </datafield>
  <datafield tag="372" ind1=" " ind2=" ">
    <subfield code="a">umělecká literatura</subfield>
    <subfield code="a">poezie</subfield>
  </datafield>
  <datafield tag="373" ind1=" " ind2=" ">
    <subfield code="a">Academia Altorfina</subfield>
    <subfield code="2">LC (Names)</subfield>
  </datafield>
  <datafield tag="374" ind1=" " ind2=" ">
    <subfield code="a">pedagogové</subfield>
    <subfield code="a">středoškolští učitelé</subfield>
    <subfield code="a">vysokoškolští učitelé</subfield>
    <subfield code="a">spisovatelé</subfield>
    <subfield code="a">básníci</subfield>
  </datafield>
  <datafield tag="375" ind1=" " ind2=" ">
    <subfield code="a">muž</subfield>
  </datafield>
  <datafield tag="377" ind1=" " ind2=" ">
    <subfield code="a">lat</subfield>
    <subfield code="a">ger</subfield>
  </datafield>
  <datafield tag="400" ind1="1" ind2=" ">
    <subfield code="a">Mauricius, Georgius,</subfield>
    <subfield code="d">1570-1631</subfield>
    <subfield code="0">o</subfield>
  </datafield>
  <datafield tag="400" ind1="1" ind2=" ">
    <subfield code="a">Mauritius, Georg,</subfield>
    <subfield code="c">Junior,</subfield>
    <subfield code="d">1570-1631</subfield>
    <subfield code="0">o</subfield>
  </datafield>
  <datafield tag="400" ind1="1" ind2=" ">
    <subfield code="a">Mauricius, Georg,</subfield>
    <subfield code="c">der Jüngere,</subfield>
    <subfield code="d">1570-1631</subfield>
    <subfield code="0">o</subfield>
  </datafield>
  <datafield tag="400" ind1="1" ind2=" ">
    <subfield code="a">Mauricius, Georgius,</subfield>
    <subfield code="c">der Jüngere,</subfield>
    <subfield code="d">1570-1631</subfield>
    <subfield code="0">o</subfield>
  </datafield>
  <datafield tag="400" ind1="1" ind2=" ">
    <subfield code="a">Mauritius, Georgius,</subfield>
    <subfield code="d">1570-1631</subfield>
    <subfield code="0">o</subfield>
  </datafield>
  <datafield tag="400" ind1="1" ind2=" ">
    <subfield code="a">Mauritius, Georg,</subfield>
    <subfield code="c">der Jüngere,</subfield>
    <subfield code="d">1570-1631</subfield>
    <subfield code="0">o</subfield>
  </datafield>
  <datafield tag="400" ind1="1" ind2=" ">
    <subfield code="a">Mauricius, Georg,</subfield>
    <subfield code="c">d.J.,</subfield>
    <subfield code="d">1570-1631</subfield>
    <subfield code="0">o</subfield>
  </datafield>
  <datafield tag="667" ind1=" " ind2=" ">
    <subfield code="a">http://d-nb.info/gnd/121760766.</subfield>
  </datafield>
  <datafield tag="670" ind1=" " ind2=" ">
    <subfield code="a">GEOMETRIÆ PRACTICÆ NOVÆ. Tractatus III, MENSULA PRÆTORIANA: Beschreibung deß Nutzlichen Geometrischen Tischleins, ... Durch M. Danielem Schvvnterum ... Nürnberg: bey Simon Halbmayern, 1618. EPIGRAMMA ... M. Georgius Mauricius scribebam Altorfius</subfield>
    <subfield code="b">odkaz viz</subfield>
    <subfield code="u">http://mdz-nbn-resolving.de/urn:nbn:de:bvb:12-bsb10053855-3</subfield>
  </datafield>
  <datafield tag="670" ind1=" " ind2=" ">
    <subfield code="a">DNB, cit. 30. 10. 2020</subfield>
    <subfield code="b">autoritní forma, odkazy viz, datum a místo narození a úmrtí, místo činnosti, biografické a profesní údaje</subfield>
    <subfield code="u">http://d-nb.info/gnd/121760766</subfield>
  </datafield>
  <datafield tag="678" ind1="0" ind2=" ">
    <subfield code="a">Německý pedagog, spisovatel a básník. Působil jako učitel na Gymnáziu v Altdorfu, později také jako profesor poezie na „Academia Altdorfina“ (Altdorf bei Nürnberg, Německo), která v r. 1622 získala statut univerzity. Jeho otcem byl spisovatel, dramatik a rektor latinské školy ve Steyru Georg Mauricius, starší (1539-1610).</subfield>
  </datafield>
  <datafield tag="906" ind1=" " ind2=" ">
    <subfield code="a">za20201030</subfield>
    <subfield code="b">evbr</subfield>
  </datafield>
  <datafield tag="906" ind1=" " ind2=" ">
    <subfield code="a">ko20201030</subfield>
    <subfield code="b">evbr</subfield>
  </datafield>
</record>