

<record>
  <leader>     nz  a22     n  4500</leader>
  <controlfield tag="001">unn20201090899</controlfield>
  <controlfield tag="003">CZ PrNK</controlfield>
  <controlfield tag="005">20201030114036.0</controlfield>
  <controlfield tag="008">201030|n|aznnnaabn           n a|a      </controlfield>
  <datafield tag="040" ind1=" " ind2=" ">
    <subfield code="a">ABA001</subfield>
    <subfield code="b">cze</subfield>
    <subfield code="e">rda</subfield>
  </datafield>
  <datafield tag="046" ind1=" " ind2=" ">
    <subfield code="k">2000</subfield>
    <subfield code="l">2018</subfield>
  </datafield>
  <datafield tag="130" ind1=" " ind2="0">
    <subfield code="a">Big Brother (televizní pořad : Velká Británie)</subfield>
    <subfield code="7">unn20201090899</subfield>
  </datafield>
  <datafield tag="370" ind1=" " ind2=" ">
    <subfield code="g">Velká Británie</subfield>
  </datafield>
  <datafield tag="380" ind1=" " ind2=" ">
    <subfield code="a">televizní pořady</subfield>
    <subfield code="a">reality show</subfield>
    <subfield code="a">soutěžní pořady</subfield>
  </datafield>
  <datafield tag="430" ind1=" " ind2="0">
    <subfield code="w">r</subfield>
    <subfield code="i">Česká varianta názvu:</subfield>
    <subfield code="a">Britský Big Brother</subfield>
    <subfield code="0">o</subfield>
  </datafield>
  <datafield tag="430" ind1=" " ind2="0">
    <subfield code="w">r</subfield>
    <subfield code="i">Jazyková varianta názvu:</subfield>
    <subfield code="a">Big Brother (British TV series)</subfield>
    <subfield code="0">o</subfield>
  </datafield>
  <datafield tag="670" ind1=" " ind2=" ">
    <subfield code="a">www(Wikipedia, the free encyclopedia), cit. 30. 10. 2020</subfield>
  </datafield>
  <datafield tag="678" ind1=" " ind2=" ">
    <subfield code="a">Britská verze soutěžního televizního pořadu (reality show), ve kterém více než 15 týdnů žije 12 soutěžících v domě plném kamer snažících se přestát hlasování diváků a získat vysokou finanční odměnu. Tento formát vytvořil John de Mol Jr. z Nizozemska a rozvinul ve své produkční společnosti Endemol.</subfield>
  </datafield>
  <datafield tag="856" ind1="4" ind2="2">
    <subfield code="u">https://en.wikipedia.org/wiki/Big_Brother_(British_TV_series)</subfield>
    <subfield code="4">N</subfield>
  </datafield>
  <datafield tag="906" ind1=" " ind2=" ">
    <subfield code="a">br20201030</subfield>
    <subfield code="b">maba</subfield>
  </datafield>
</record>