

<record>
  <leader>     nz  a22     n  4500</leader>
  <controlfield tag="001">ko20201090927</controlfield>
  <controlfield tag="003">CZ PrNK</controlfield>
  <controlfield tag="005">20201030131234.0</controlfield>
  <controlfield tag="008">201030|n|aznnnaabn           n a|a      </controlfield>
  <datafield tag="040" ind1=" " ind2=" ">
    <subfield code="a">ABA001</subfield>
    <subfield code="b">cze</subfield>
    <subfield code="e">rda</subfield>
  </datafield>
  <datafield tag="110" ind1="2" ind2=" ">
    <subfield code="a">Obchodní akademie (Mladá Boleslav, Česko : 1935-1942)</subfield>
    <subfield code="7">ko20201090927</subfield>
  </datafield>
  <datafield tag="368" ind1=" " ind2=" ">
    <subfield code="a">obchodní akademie</subfield>
    <subfield code="a">střední odborné školy</subfield>
  </datafield>
  <datafield tag="370" ind1=" " ind2=" ">
    <subfield code="c">Česko</subfield>
    <subfield code="e">Mladá Boleslav, Česko</subfield>
    <subfield code="f">Československo</subfield>
  </datafield>
  <datafield tag="372" ind1=" " ind2=" ">
    <subfield code="a">obchod</subfield>
    <subfield code="a">ekonomie</subfield>
    <subfield code="a">středoškolské studium</subfield>
  </datafield>
  <datafield tag="377" ind1=" " ind2=" ">
    <subfield code="a">cze</subfield>
  </datafield>
  <datafield tag="410" ind1="2" ind2=" ">
    <subfield code="a">Obchodní akademie v Mladé Boleslavi (1935-1942)</subfield>
    <subfield code="0">o</subfield>
  </datafield>
  <datafield tag="410" ind1="2" ind2=" ">
    <subfield code="a">Obchodní akademie čtyřtřídní v Mladé Boleslavi</subfield>
    <subfield code="0">o</subfield>
  </datafield>
  <datafield tag="410" ind1="2" ind2=" ">
    <subfield code="a">Obchodní akademie čtyřtřídní (Mladá Boleslav, Česko)</subfield>
    <subfield code="0">o</subfield>
  </datafield>
  <datafield tag="410" ind1="2" ind2=" ">
    <subfield code="a">Obchodní akademie čtyřtřídní a Odborná škola pokračovací pro živnosti obchodní (Mladá Boleslav, Česko)</subfield>
    <subfield code="0">o</subfield>
  </datafield>
  <datafield tag="410" ind1="2" ind2=" ">
    <subfield code="a">Obchodní akademie a Odborná škola pokračovací pro živnosti obchodní (Mladá Boleslav, Česko)</subfield>
    <subfield code="0">o</subfield>
  </datafield>
  <datafield tag="510" ind1="2" ind2=" ">
    <subfield code="w">a</subfield>
    <subfield code="a">Veřejná obchodní škola (Mladá Boleslav, Česko)</subfield>
    <subfield code="7">ko20201090924</subfield>
  </datafield>
  <datafield tag="665" ind1=" " ind2=" ">
    <subfield code="a">Tento název se používal v letech 1935-1942. Dřívější název: Veřejná obchodní škola (1920-1935).</subfield>
  </datafield>
  <datafield tag="670" ind1=" " ind2=" ">
    <subfield code="a">Roční zpráva Obchodní akademie (a ... zpráva veřejné obchodní školy) v Ml. Boleslavi</subfield>
  </datafield>
  <datafield tag="670" ind1=" " ind2=" ">
    <subfield code="a">www(Obchodní akademie, Vyšší odborná škola ekonomická a Jazyková škola s právem státní jazykové zkoušky Mladá Boleslav), cit. 30. 10. 2020</subfield>
  </datafield>
  <datafield tag="670" ind1=" " ind2=" ">
    <subfield code="a">Sliwková, T.: Historie OA v Mladé Boleslavi z hlediska profilu školy (bakalářská práce)</subfield>
    <subfield code="b">biografické údaje</subfield>
  </datafield>
  <datafield tag="678" ind1=" " ind2=" ">
    <subfield code="a">Další názvy školy: Vyšší obchodní škola (1942); Vyšší hospodářská škola (1948); Hospodářská škola (1954); Střední ekonomická škola (1960); Střední ekonomická škola + Státní jazyková škola (1965); Obchodní akademie a Obchodní škola pro dvouleté studium (1990); Obchodní akademie + Vyšší odborná škola ekonomická; Obchodní akademie, Vyšší odborná škola ekonomická a Jazyková škola s právem státní jazykové zkoušky.</subfield>
  </datafield>
  <datafield tag="906" ind1=" " ind2=" ">
    <subfield code="a">br20201030</subfield>
    <subfield code="b">svsv</subfield>
  </datafield>
</record>