

<record>
  <leader>     nz  a22     n  4500</leader>
  <datafield tag="900" ind1=" " ind2=" ">
    <subfield code="a">J-NÁVRH</subfield>
  </datafield>
  <controlfield tag="001">xx0253393</controlfield>
  <controlfield tag="003">CZ PrNK</controlfield>
  <controlfield tag="005">20201030130640.6</controlfield>
  <controlfield tag="008">201030|n|aznnnaabn           n a|a      </controlfield>
  <datafield tag="040" ind1=" " ind2=" ">
    <subfield code="a">ABA008</subfield>
    <subfield code="b">cze</subfield>
    <subfield code="e">rda</subfield>
  </datafield>
  <datafield tag="100" ind1="1" ind2=" ">
    <subfield code="a">Agricola, Adrián</subfield>
    <subfield code="7">xx0253393</subfield>
  </datafield>
  <datafield tag="368" ind1=" " ind2=" ">
    <subfield code="d">Mgr.</subfield>
    <subfield code="s">2007</subfield>
  </datafield>
  <datafield tag="368" ind1=" " ind2=" ">
    <subfield code="d">Ph.D.</subfield>
    <subfield code="s">2013</subfield>
  </datafield>
  <datafield tag="370" ind1=" " ind2=" ">
    <subfield code="c">Česko</subfield>
  </datafield>
  <datafield tag="372" ind1=" " ind2=" ">
    <subfield code="a">antropomotorika</subfield>
    <subfield code="a">tělesná výchova</subfield>
    <subfield code="a">slovenština</subfield>
  </datafield>
  <datafield tag="374" ind1=" " ind2=" ">
    <subfield code="a">vysokoškolští učitelé</subfield>
  </datafield>
  <datafield tag="375" ind1=" " ind2=" ">
    <subfield code="a">muž</subfield>
  </datafield>
  <datafield tag="377" ind1=" " ind2=" ">
    <subfield code="a">cze</subfield>
  </datafield>
  <datafield tag="670" ind1=" " ind2=" ">
    <subfield code="a">Agricola, Adrián: Kritický pohled na senzitivní období pro rozvoj síly. Česká kinantropologie, 2020, roč. 24, č. 1-2, s. 58-66.</subfield>
    <subfield code="b">autoritní forma, pracoviště</subfield>
  </datafield>
  <datafield tag="670" ind1=" " ind2=" ">
    <subfield code="a">www(Univerzita Hradec Králové), cit. 30. 10. 2020</subfield>
    <subfield code="b">titul a rok získání Mgr., Ph.D., profese, specializace</subfield>
  </datafield>
  <datafield tag="670" ind1=" " ind2=" ">
    <subfield code="a">www(Theses.cz), cit. 30. 10. 2020</subfield>
    <subfield code="b">další specializace</subfield>
  </datafield>
  <datafield tag="678" ind1="0" ind2=" ">
    <subfield code="a">Mgr., Ph.D., kinantropolog, učitel tělesné výchovy a slovenštiny (Katedra tělesné výchovy a sportu, Pedagogická fakulta, Univerzita Hradec Králové, Hradec Králové).</subfield>
  </datafield>
  <datafield tag="906" ind1=" " ind2=" ">
    <subfield code="a">za20201030</subfield>
    <subfield code="b">xdapi</subfield>
  </datafield>
</record>