

<record>
  <leader>     nz  a22     n  4500</leader>
  <datafield tag="900" ind1=" " ind2=" ">
    <subfield code="a">J-NÁVRH</subfield>
  </datafield>
  <controlfield tag="001">mub20201090949</controlfield>
  <controlfield tag="003">CZ PrNK</controlfield>
  <controlfield tag="005">20201030202857.0</controlfield>
  <controlfield tag="008">201030|n|aznnnaabn           n a|a      </controlfield>
  <datafield tag="040" ind1=" " ind2=" ">
    <subfield code="a">BOD114</subfield>
    <subfield code="b">cze</subfield>
    <subfield code="e">rda</subfield>
  </datafield>
  <datafield tag="100" ind1="1" ind2=" ">
    <subfield code="a">Dembicz, Iwona</subfield>
    <subfield code="7">mub20201090949</subfield>
  </datafield>
  <datafield tag="370" ind1=" " ind2=" ">
    <subfield code="c">Polsko</subfield>
  </datafield>
  <datafield tag="372" ind1=" " ind2=" ">
    <subfield code="a">biogeografie</subfield>
    <subfield code="a">ochrana přírody</subfield>
    <subfield code="a">ekologie</subfield>
  </datafield>
  <datafield tag="374" ind1=" " ind2=" ">
    <subfield code="a">bioložky</subfield>
    <subfield code="a">biogeografky</subfield>
    <subfield code="a">ekoložky</subfield>
    <subfield code="a">vědkyně</subfield>
  </datafield>
  <datafield tag="375" ind1=" " ind2=" ">
    <subfield code="a">žena</subfield>
  </datafield>
  <datafield tag="377" ind1=" " ind2=" ">
    <subfield code="a">pol</subfield>
  </datafield>
  <datafield tag="670" ind1=" " ind2=" ">
    <subfield code="a">Moysiyenko, Ivan I. - Sudnik-Wójcikowska, Barbara: Kurhany na "Dzikich Polach" : dziedzictwo kultury i ostoja ukraińskiego stepu (z udziałem Iwony Dembicz ... [et al.]), 2012</subfield>
  </datafield>
  <datafield tag="670" ind1=" " ind2=" ">
    <subfield code="a">NUKAT, cit. 30. 10. 2020</subfield>
    <subfield code="b">autoritní forma, profesní údaje</subfield>
  </datafield>
  <datafield tag="670" ind1=" " ind2=" ">
    <subfield code="a">BNPL, cit. 30. 10. 2020</subfield>
    <subfield code="b">publikační zaměření</subfield>
  </datafield>
  <datafield tag="670" ind1=" " ind2=" ">
    <subfield code="a">www(Uniwersytet Warszawski), cit. 30. 10. 2020</subfield>
    <subfield code="b">profesní údaje</subfield>
  </datafield>
  <datafield tag="678" ind1="0" ind2=" ">
    <subfield code="a">Polská výzkumná pracovnice Varšavské univerzity, specialistka na rostlinnou ekologii, biogeografii a ochranu přírody, spoluorganizovala pět euroasijských suchých travních expedic.</subfield>
  </datafield>
  <datafield tag="906" ind1=" " ind2=" ">
    <subfield code="a">ko20201030</subfield>
    <subfield code="b">pospel</subfield>
  </datafield>
</record>