

<record>
  <leader>     nz  a22     n  4500</leader>
  <datafield tag="900" ind1=" " ind2=" ">
    <subfield code="a">J-NÁVRH-STT</subfield>
  </datafield>
  <controlfield tag="001">ntk20201090957</controlfield>
  <controlfield tag="003">CZ PrNK</controlfield>
  <controlfield tag="005">20201030184700.0</controlfield>
  <controlfield tag="008">201030|n|aznnnaabn           n a|a      </controlfield>
  <datafield tag="024" ind1="7" ind2=" ">
    <subfield code="a">Q95805796</subfield>
    <subfield code="2">wikidata</subfield>
  </datafield>
  <datafield tag="040" ind1=" " ind2=" ">
    <subfield code="a">ABA013</subfield>
    <subfield code="b">cze</subfield>
    <subfield code="e">rda</subfield>
  </datafield>
  <datafield tag="046" ind1=" " ind2=" ">
    <subfield code="g">1627</subfield>
  </datafield>
  <datafield tag="100" ind1="1" ind2=" ">
    <subfield code="a">Bellin, Christian von,</subfield>
    <subfield code="d">-asi 1627</subfield>
    <subfield code="7">ntk20201090957</subfield>
  </datafield>
  <datafield tag="368" ind1=" " ind2=" ">
    <subfield code="c">Geheimer Rat (Mark Brandenburg)</subfield>
  </datafield>
  <datafield tag="370" ind1=" " ind2=" ">
    <subfield code="c">Německo</subfield>
    <subfield code="f">Braniborsko, Německo</subfield>
  </datafield>
  <datafield tag="372" ind1=" " ind2=" ">
    <subfield code="a">politika</subfield>
    <subfield code="a">státní správa</subfield>
    <subfield code="a">státní služba</subfield>
  </datafield>
  <datafield tag="374" ind1=" " ind2=" ">
    <subfield code="a">šlechtici</subfield>
    <subfield code="a">politici</subfield>
    <subfield code="a">státní úředníci</subfield>
  </datafield>
  <datafield tag="375" ind1=" " ind2=" ">
    <subfield code="a">muž</subfield>
  </datafield>
  <datafield tag="377" ind1=" " ind2=" ">
    <subfield code="a">ger</subfield>
  </datafield>
  <datafield tag="400" ind1="1" ind2=" ">
    <subfield code="a">Bellyn, Christian von,</subfield>
    <subfield code="d">-asi 1627</subfield>
    <subfield code="0">o</subfield>
  </datafield>
  <datafield tag="400" ind1="1" ind2=" ">
    <subfield code="w">r</subfield>
    <subfield code="i">Pseudonym:</subfield>
    <subfield code="a">Vierraden, Carl von,</subfield>
    <subfield code="d">-asi 1627</subfield>
    <subfield code="0">o</subfield>
  </datafield>
  <datafield tag="667" ind1=" " ind2=" ">
    <subfield code="a">http://d-nb.info/gnd/1014250250.</subfield>
  </datafield>
  <datafield tag="670" ind1=" " ind2=" ">
    <subfield code="a">GEOMETRIÆ PRACTICÆ NOVÆ ET AUCTÆ. Tractatus II., Ohne einig Künstlich Geometrisch Instrument, ... Durch M. DANIELEM Schwenter ... Nürnberg: bey Jeremia Dümlern, [1640]. [Dedikace]: Dem ... Christian von Bellyn, Churfürstl. Brandenburgischen Geheimen Rath und Hauptmann der Grafschafft Ruppyn und Landes Bellyn ...</subfield>
    <subfield code="b">odkaz viz</subfield>
    <subfield code="u">http://mdz-nbn-resolving.de/urn:nbn:de:bvb:12-bsb10806700-3</subfield>
  </datafield>
  <datafield tag="670" ind1=" " ind2=" ">
    <subfield code="a">DNB, cit. 30. 10. 2020</subfield>
    <subfield code="b">autoritní forma, odkaz viz, biografické a profesní údaje</subfield>
    <subfield code="u">http://d-nb.info/gnd/1014250250</subfield>
  </datafield>
  <datafield tag="670" ind1=" " ind2=" ">
    <subfield code="a">www(Wikipedia, die freie Enzyklopädie), cit. 30. 10. 2020</subfield>
    <subfield code="b">datum úmrtí, biografické a profesní údaje</subfield>
    <subfield code="u">https://de.wikipedia.org/wiki/Christian_von_Bellin</subfield>
  </datafield>
  <datafield tag="678" ind1="0" ind2=" ">
    <subfield code="a">Německý šlechtic z rodiny „von Bellin“. Byl vedoucím kanceláře „Ruppin und Fehrbellin“ a za vlády kurfiřta Jana Zikmunda Braniborského v letech 1608-1619 byl členem braniborské Tajné státní rady (Geheimer Rat, Mark Brandenburg). Jeho jméno bývá uváděno v publikacích 17. století v roli dedikanta.</subfield>
  </datafield>
  <datafield tag="906" ind1=" " ind2=" ">
    <subfield code="a">za20201030</subfield>
    <subfield code="b">evbr</subfield>
  </datafield>
  <datafield tag="906" ind1=" " ind2=" ">
    <subfield code="a">ko20201030</subfield>
    <subfield code="b">evbr</subfield>
  </datafield>
</record>